1779 3085
679 239 735 248 --
818 218 899 268 683
998 237 1052 246 “·“·

274 342 310 368 υ.
338 343 391 377 ¹3·
419 331 582 378 Quorum
605 341 752 379 censue,
777 331 952 374 divitiae,
973 344 1062 382 opes
1078 328 1272 377 privatae,
1299 341 1356 366 res
1378 329 1569 368 familiariti

183 396 360 446 cujusque
382 393 528 435 brevis,
551 401 725 440 angusta,
754 395 882 440 exigna
905 400 982 430 erat
997 420 1008 435 ,
1028 404 1229 427 commune
1252 401 1379 428 contra
1395 420 1405 436 ‚
1433 393 1475 426 τδ
1501 406 1574 427 κοι-

178 456 264 497 νόν,
291 455 388 508 quod
422 457 467 491 ad
492 467 617 490 omnes
648 458 850 504 pertineret
867 483 876 498 ,
904 469 991 506 opes
1026 456 1119 505 reip.
1143 465 1332 499 magnae,
1361 457 1573 491 immensae.

177 534 225 545 -·
255 528 308 558 14.
339 519 477 553 Domus
505 518 671 566 privatae
692 530 763 554 non
793 519 982 566 magnifice
1007 525 1209 552 exstructae
1223 526 1340 559 erant,
1366 525 1426 552 aut
1450 516 1573 566 splen-

179 578 269 615 dide
294 588 505 615 exornatae·
536 578 721 615 Posterius
752 582 823 615 hoc
854 580 963 616 docte
991 581 1041 614 ita
1066 578 1196 615 extulit
1219 587 1352 628 poeta:
1380 578 1481 614 nulla
1505 579 1570 615 do-

177 653 256 675 mus
290 642 430 689 privata
462 640 667 690 porticibus
706 644 882 678 instructa
918 649 1021 684 erat,
1058 639 1204 675 laudata
1239 653 1282 676 ea
1317 640 1570 677 aedificiorum

176 711 294 752 parte.
325 701 403 736 Jam
425 700 577 737 observa
600 710 767 738 ornatum
792 705 828 738 in
849 704 1014 750 singulis.
1039 704 1110 738 Pro
1132 705 1280 753 porticu
1297 703 1430 752 privati
1454 704 1575 737 homi-

175 766 234 799 nis
256 772 311 799 est
334 765 507 809 porticus
531 769 679 798 metata
702 763 888 815 (passive)
914 778 1008 817 quae
1034 773 1168 801 metata
1193 773 1271 806 est,
1300 767 1402 810 cujus
1428 763 1570 799 ‹limen-

175 827 232 861 sio
254 824 350 862 facta
379 833 432 861 est
451 825 618 870 privatis
645 825 886 872 decempedis
903 854 912 869 ,
948 830 1176 877 privatorum
1209 827 1398 861 hominum
1426 824 1573 861 decem.

176 887 311 936 pedis,
339 900 434 938 quae
470 888 564 923 adeo
597 901 618 923 a
649 889 802 937 privatis
827 887 1037 922 hominibus
1067 895 1257 922 exstructa
1287 894 1352 922 est.
1378 885 1573 921 Praeclare

177 949 228 983 ita
250 951 411 998 spatium
441 952 603 998 porticus
623 948 896 998 amplissimum
912 976 922 991 ,
948 948 1117 999 pluribus
1141 947 1382 998 decempedis
1409 947 1574 996 descrip-

179 1019 279 1053 tum,
308 1025 326 1046 a
354 1020 460 1060 poet-³
492 1011 713 1046 declaratur.
745 1011 822 1045 Alii
852 1011 944 1047 hanc
972 1013 1044 1046 vim
1071 1014 1106 1045 in
1134 1026 1165 1046 v.
1194 1009 1338 1044 metari
1368 1016 1573 1061 quaerunt,

176 1076 276 1125 quod
300 1073 393 1109 illud
424 1073 471 1109 de
504 1076 633 1108 castris
660 1081 694 1109 et
723 1075 863 1121 campis
892 1076 1041 1124 proprie
1072 1072 1318 1112 adhibeatur,
1347 1071 1575 1122 laudantque

176 1137 212 1169 in
235 1134 329 1171 hanc
354 1149 430 1170 rem
459 1135 638 1172 Priscian.
671 1135 774 1170 Vm.
801 1150 838 1185 p.
862 1146 942 1183 792.
970 1135 1043 1171 Sed
1071 1138 1107 1170 in
1137 1148 1239 1170 usum
1263 1135 1369 1180 hujus
1394 1148 1427 1168 v.
1454 1134 1575 1182 passi.

175 1210 261 1231 vum
281 1204 420 1231 tantum
451 1209 495 1232 ex
521 1198 554 1232 h.
578 1197 604 1234 l.
626 1197 816 1240 ostendit,
840 1206 875 1233 et
901 1196 1049 1231 metari
1082 1200 1232 1232 omnino
1256 1205 1335 1238 est,
1362 1197 1487 1231 metiri
1512 1210 1576 1231 cu-

172 1260 284 1305 jusvis
306 1257 447 1294 moduli
471 1261 647 1308 spatium.
675 1262 798 1308 Prope
813 1259 964 1309 publici
981 1260 1105 1306 operis
1131 1261 1452 1310 cryptoporticum
1470 1272 1573 1295 suam

172 1329 278 1356 vocat
313 1320 406 1356 Plin.
445 1335 530 1371 epp.
570 1321 618 1358 ΙΙ.
658 1334 711 1364 17.
744 1336 837 1375 quae
868 1323 1118 1369 magnitudine
1151 1331 1187 1358 et
1222 1322 1492 1370 magnificentia
1523 1321 1572 1357 ad

171 1381 341 1433 publicas
363 1392 458 1434 port.
483 1386 650 1433 proxime
675 1385 888 1421 accederet.
915 1384 1027 1420 Porro
1048 1397 1116 1434 pro
1141 1384 1303 1433 simplici
1332 1383 1468 1426 verbo,
1495 1383 1575 1418 nul·

174 1445 209 1480 la
233 1460 268 1495 p.
293 1453 452 1487 metata,
479 1446 667 1496 descripta
685 1452 792 1488 erat,
819 1447 930 1483 docte
967 1455 1099 1497 poeta,
1126 1446 1318 1494 designato
1348 1459 1419 1481 uno
1457 1446 1573 1494 porti·

174 1519 280 1543 cuum
301 1520 454 1555 genere:
495 1508 711 1553 excipiebat
743 1505 918 1551 Arcton,
956 1508 993 1545 h.
1022 1506 1175 1558 patebat
1200 1519 1324 1543 versus
1347 1506 1575 1555 Septentrio-

171 1584 271 1611 nem,
295 1584 388 1622 qnae
415 1571 509 1608 adeo
532 1571 657 1608 clausa
679 1584 802 1608 versus
827 1570 1021 1607 meridiem
1045 1568 1216 1606 submoto
1241 1568 1332 1605 solis
1355 1568 1478 1604 calore
1500 1569 1575 1603 Bo-

173 1645 275 1668 ream
297 1633 532 1677 admitteret,
561 1636 689 1686 sicque
717 1632 840 1668 media
865 1640 1007 1669 aestate
1036 1632 1151 1680 frigus
1176 1630 1389 1680 ffjucundum
1417 1630 1575 1680 praebe-

171 1702 241 1731 ret.
268 1694 383 1730 Erant
411 1708 498 1732 vero
523 1697 656 1739 etiam,
684 1710 776 1747 quae
809 1695 1006 1731 meridiem
1041 1697 1282 1742 exciperent,
1309 1693 1344 1727 h.
1371 1707 1464 1743 quae
1489 1706 1568 1728 ver-

170 1769 230 1792 sn!
250 1757 445 1793 meridiem
469 1768 619 1806 apertae
646 1758 764 1792 solem
794 1756 929 1790 hiemis
954 1763 1119 1804 tempore
1145 1761 1338 1799 tenerent3
1363 1752 1410 1789 de
1433 1752 1566 1804 quihus

167 1818 296 1855 Juven.
323 1819 412 1853 VH.
446 1822 523 1859 183·
562 1818 737 1853 Ceterum
772 1816 872 1852 idem
907 1818 1106 1867 exquisitus
1126 1813 1170 1849 τέ
1199 1815 1378 1860 excipere
1400 1828 1488 1850 usus
1513 1824 1571 1851 est

169 1880 269 1930 apud
299 1880 438 1916 Lucan.
466 1878 517 1913 ΙΙ.
546 1886 629 1924 429.
662 1877 818 1913 Gallica
848 1889 940 1912 rura
972 1878 1102 1920 videt,
1137 1877 1381 1923 devexasque
1416 1877 1569 1921 eaecipit

169 1939 317 1984 Alpes,
345 1939 391 1975 de
415 1940 517 1975 Luna
539 1939 691 1989 oppido.
718 1938 777 1976 Id.
805 1939 871 1977 VI.
894 1944 978 1983 359.
1010 1937 1173 1983 Excipit
1206 1939 1382 1973 adversos
1421 1940 1570 1985 Zephy-

168 2011 235 2034 ros
261 2006 296 2034 et
326 2001 476 2046 Iapyga
499 1999 659 2035 Pindus.
687 2001 818 2036 Senec-
855 2014 915 2048 ep.
954 2009 1011 2041 55-
1047 2010 1126 2033 esse
1159 2000 1294 2034 villam
1324 1999 1446 2034 totius
1477 2001 1571 2034 anni

168 2063 294 2097 eredo.
329 2063 506 2098 Occurrit
526 2060 630 2097 enim
648 2062 815 2097 Favonio
833 2089 842 2105 ‚
869 2066 905 2095 et
934 2061 1049 2096 illum
1068 2060 1161 2102 adeo
1186 2061 1336 2109 excipit
1352 2088 1361 2104 ,
1388 2067 1431 2095 ut
1455 2061 1569 2106 Bajis

171 2129 296 2171 neget.
322 2124 426 2160 Male
448 2123 579 2161 Lamb.
605 2123 728 2160 laudat
755 2121 873 2160 Serm.
901 2123 927 2158 I.
955 2134 989 2163 4.
1015 2125 1093 2162 134.
1120 2124 1222 2159 Male
1244 2126 1356 2159 etiam
1381 2124 1445 2159 alii
1473 2128 1566 2160 Arc-

171 2194 232 2221 ton
253 2199 322 2237 pro
345 2187 490 2223 Boreae
515 2185 656 2221 aditum
681 2184 802 2221 facere
825 2187 1034 2236 accipiuntz
1064 2199 1149 2222 vere
1175 2186 1326 2237 quidem
1350 2185 1396 2221 ad
1418 2194 1569 2222 senten..

171 2250 259 2284 tiam
285 2249 382 2290 loci,
410 2261 518 2299 quam
541 2256 664 2284 tamen
690 2250 829 2284 rectius
854 2250 903 2283 ita
924 2263 944 2283 e
967 2247 1089 2284 verbis
1114 2249 1267 2291 elicias,
1294 2257 1331 2283 ut
1361 2247 1490 2293 excip.
1513 2249 1565 2283 A.

168 2310 391 2361 simpliciter
414 2312 462 2345 sit
486 2309 659 2358 objacere
683 2311 825 2354 Arcto,
851 2312 1059 2360 pertingere
1080 2310 1128 2346 ad
1152 2311 1475 2361 septentrionalem
1489 2311 1571 2361 pla,

171 2385 277 2419 gam,
304 2371 400 2408 unde
426 2371 520 2409 adeo
545 2372 687 2407 Boreae
711 2370 808 2408 liber
834 2380 890 2407 est
916 2372 961 2407 ad
991 2373 1171 2422 porticum
1198 2385 1382 2409 accessus·
1409 2391 1456 2400 —
1480 2384 1572 2416 opa-

172 2446 244 2477 ea,
281 2447 376 2485 quae
406 2432 520 2481 frigus
553 2432 718 2479 inducit,
747 2433 896 2482 gelida;
932 2434 1042 2470 docto
1080 2435 1256 2471 translato
1291 2449 1311 2471 a
1343 2436 1488 2484 porticu
1519 2435 1568 2470 ad

173 2498 317 2530 Arcton
359 2494 541 2546 epitheto.
577 2495 689 2542 Cujus
720 2499 874 2534 rationis
904 2498 1072 2547 poeticae
1105 2511 1232 2548 parum
1267 2510 1407 2534 memor
1439 2497 1566 2532 Schol.

172 2557 310 2609 Cruqu.
335 2558 383 2594 ad
411 2558 507 2595 hanc
534 2559 877 2608 interpretationem
902 2558 1074 2610 delapsus
1095 2568 1148 2595 est
1164 2585 1175 2602 ,
1202 2560 1302 2595 nulla
1329 2561 1483 2611 privatis
1505 2559 1570 2596 do-

172 2632 252 2653 mus
279 2627 382 2664 erat,
421 2634 514 2672 (guae
547 2622 728 2671 porticum
754 2621 908 2658 haberet
944 2629 1066 2657 tantae
1096 2622 1326 2664 latitudinis,
1363 2628 1402 2657 ut
1435 2629 1561 2672 posset

172 2677 346 2719 nificare
371 2681 537 2719 umbram
553 2709 563 2727 ,
590 2682 670 2724 sole
706 2684 827 2720 vicino
862 2682 1144 2735 septentrionali
1173 2683 1327 2738 plagae.
1351 2691 1439 2720 tunc
1465 2684 1565 2721 enim
