1779 3085
622 231 679 240 —-
771 219 856 258 273
954 230 1003 238 >ff

567 326 1073 374 Adnotati'ones.

211 456 247 480 v.
277 452 294 479 1
321 458 366 470 —
405 451 461 478 20.
489 439 631 488 Magna
659 442 715 476 vis
750 439 876 476 statim
905 439 942 472 in
982 435 1152 473 exordio.
1202 434 1319 472 Poeta
1342 447 1521 477 urniorum

113 507 372 558 prodigiorum
396 512 497 540 metu
523 502 743 550 perculsus,
779 509 839 543 et,
861 507 899 534 ut
921 498 995 544 fert
1024 498 1182 533 humana
1208 506 1362 543 natura,
1384 505 1521 547 graxio-

113 582 153 606 ra
176 568 388 620 praeteritis
413 568 663 602 extimescens
683 563 806 607 mala,
831 563 986 599 deorum
1011 564 1103 598 iram
1120 588 1131 605 ,
1168 561 1250 597 urbi
1279 564 1433 613 quippe,
1458 579 1526 614 po.

113 631 276 683 puloque
296 628 487 670 Romano,
513 629 542 663 si
566 627 721 664 ulterius
746 624 1033 677 progrediatur,
1060 624 1350 661 funestissimam
1366 652 1377 667 ,
1401 635 1436 662 et
1464 630 1523 661 cui

112 693 302 730 satiandae
341 690 552 742 respublica
586 692 675 727 satis
717 693 793 739 jam
837 700 1043 740 poenarum
1070 687 1247 733 dederit,
1286 687 1524 739 deprecatur.

110 755 285 802 'vulgaris
307 756 572 790 sententiarum
597 752 690 805 ordo
704 761 814 806 atque
842 752 1036 805 eloquutio
1059 760 1160 787 erat:
1187 753 1290 798 gravi
1309 753 1524 789 calamitate

112 819 176 854 Dii
202 819 285 853 irati
309 817 498 854 adflixere
529 816 798 869 rempublicam
814 842 826 859 ,
851 818 1018 868 iramque
1043 816 1209 866 ipsorum
1233 814 1391 852 necdum
1418 819 1528 852 satia-

110 888 185 916 tam
216 881 416 916 ostendunt
452 879 654 931 prodigia,
696 893 814 933 quae,
843 882 915 916 nisi
951 881 1021 915 rite
1046 887 1315 929 procurentur,
1345 878 1527 914 Deorum-

110 956 183 996 que
209 944 264 978 ira
292 945 490 994 expietur,
524 943 654 980 fatalia
682 952 792 996 atque
832 945 991 980 exitiosa
1017 940 1250 992 reipublicae
1277 943 1402 978 futura
1424 943 1526 985 sint,

109 1019 262 1043 necesse
286 1014 356 1042 est.
405 1006 446 1042 In
468 1007 540 1043 hoc
564 1020 712 1058 quoque
737 1013 888 1057 poetam
916 1017 1074 1051 agnosce
1092 1032 1102 1049 ,
1136 1005 1236 1057 quod
1263 1007 1359 1056 ipsas
1399 1005 1526 1039 statim

110 1069 344 1105 calamitates
382 1078 492 1122 atque
527 1069 700 1120 prodigia
740 1078 909 1113 enarrat,
946 1077 984 1104 et
1020 1068 1122 1120 quod
1145 1071 1237 1104 iram
1260 1069 1424 1103 Deorum
1451 1066 1523 1102 soli

107 1128 193 1168 Jovi
218 1130 410 1168 adscribit.
463 1130 569 1165 Satis
596 1131 691 1167 adeo
710 1143 913 1180 poenarum
939 1139 1114 1165 exactum
1141 1138 1195 1166 est
1231 1143 1252 1165 a
1279 1128 1411 1171 nobis,
1452 1137 1527 1164 tam

113 1194 240 1239 gravia
267 1196 340 1240 jam
363 1194 535 1243 perpessi
563 1204 686 1227 sumus
709 1193 829 1236 mala,
857 1199 894 1228 ut
923 1194 1025 1228 novis
1048 1192 1157 1243 plane
1185 1191 1528 1228 succumberemus.

110 1253 175 1290 Sic
201 1254 248 1289 V.
280 1265 333 1296 17.
360 1265 414 1300 19.
448 1252 555 1286 Dedi
580 1254 677 1287 satis
702 1264 892 1301 superque
912 1266 1132 1299 poenarum
1168 1251 1251 1287 tibi.
1288 1253 1422 1299 virgil.
1449 1255 1524 1288 Ge.

111 1317 142 1351 1.
169 1324 250 1357 501·
278 1317 378 1350 satis
395 1317 478 1358 jam
497 1315 655 1363 pridem
673 1315 869 1361 sanguine
891 1322 1025 1351 nostro
1042 1314 1354 1350 Laomedonteae
1379 1316 1524 1350 luimus

112 1380 284 1425 perjuria
328 1377 478 1422 Trojae.
516 1377 565 1412 cf.
602 1376 796 1412 Claudian.
834 1377 881 1413 de
914 1377 1018 1413 bello
1045 1377 1149 1413 Gild.
1178 1377 1246 1420 36.
1271 1375 1357 1411 dum
1384 1377 1528 1419 Pater,

112 1442 224 1485 πατὴρ
251 1436 382 1485 ἀνδρῶν
409 1450 449 1471 τε
472 1434 557 1475 θεῶν
583 1450 645 1482 τε,
667 1438 813 1488 Jupiter
838 1438 953 1472 misit
971 1439 1088 1473 terris
1113 1452 1260 1484 graece,
1290 1452 1372 1489 pro,
1399 1442 1434 1474 in
1459 1447 1529 1474 ter-

113 1513 195 1544 ras,
222 1500 369 1536 defudit
407 1502 442 1535 in
469 1508 607 1536 terram
648 1501 777 1534 nivem
804 1501 916 1537 solito
949 1503 1225 1552 copiosiorem,
1253 1515 1324 1553 qua
1346 1501 1443 1537 adeo
1466 1501 1532 1537 Ti.

111 1563 215 1600 beris
242 1566 531 1606 intumesceret,
558 1572 669 1612 atque
693 1564 912 1601 exundaret.
964 1563 1007 1599 Id
1027 1564 1127 1617 quod
1151 1573 1231 1600 erat
1259 1567 1296 1599 in
1324 1564 1522 1615 prodigiis.

110 1625 237 1662 Tacit.
263 1626 397 1664 Annal.
423 1626 454 1661 I.
485 1627 544 1671 76.
566 1642 611 1653 -·
637 1624 763 1660 Dirae
788 1639 850 1662 res
871 1626 1057 1670 dicuntur,
1087 1640 1182 1680 quae
1210 1635 1293 1663 sunt
1317 1628 1405 1663 mati
1433 1629 1525 1663 omi-

112 1691 195 1732 nis,
233 1698 271 1724 ut
308 1689 443 1737 Virgil-
480 1689 553 1725 Ge.
591 1690 620 1724 L
660 1693 743 1733 488.
766 1688 846 1723 diri
870 1694 1054 1724 cometae.
1106 1690 1220 1725 Ovid.
1250 1689 1346 1726 Met.
1375 1690 1420 1724 V.
1446 1700 1530 1736 550.

119 1753 252 1787 dirum
280 1750 514 1786 mortalibus
534 1765 660 1786 omen.
685 1754 780 1789 adeo
806 1753 1059 1796 aversandae‚
1087 1753 1310 1796 horrendae,
1339 1760 1376 1787 ut
1402 1752 1465 1787 hic
1488 1752 1535 1787 ‹le

119 1814 326 1861 grandine.
351 1836 393 1842 —
423 1828 454 1850 2.
484 1815 692 1866 Splendida
717 1818 839 1864 imago
865 1816 970 1851 Joxis
992 1815 1272 1862 Fulguratoris,
1304 1817 1366 1866 qui
1384 1813 1538 1850 reducta

122 1877 254 1912 dextra
295 1877 434 1912 fulmen
471 1873 646 1920 molitur,
684 1879 803 1929 qualis
836 1879 916 1913 fere
953 1880 988 1911 in
1028 1875 1274 1911 monuinentis
1313 1884 1367 1911 est
1390 1876 1535 1912 obvius.

120 1937 299 1979 rubenti,
326 1938 506 1978 fulmine,
534 1937 633 1987 quod
660 1945 784 1977 tenet,
813 1937 1012 1977 irm‹hata;
1039 1946 1182 1973 ornate.
1212 1936 1276 1973 Sic
1298 1937 1536 1990 aquila,ful·

116 1998 240 2033 minis
284 2005 412 2033 vector
439 1999 571 2034 eodem
612 1998 843 2032 illuminatus
876 1998 1014 2031 ardens
1041 1999 1177 2034 (licitur
1202 1999 1298 2036 Stat.
1322 1999 1445 2035 Theb.
1472 2000 1536 2035 IX.

122 2069 206 2103 858.
234 2062 289 2097 Ita
312 2063 431 2110 accipi
456 2063 572 2111 possit
585 2060 823 2108 VirgilAen·
840 2059 925 2096 Ul.
943 2062 1024 2106 141.
1053 2061 1130 2095 Hic
1153 2062 1275 2094 Pater
1292 2061 1536 2108 omnipotens

129 2130 191 2157 ter
217 2124 322 2158 caelo
348 2124 470 2159 clarus
497 2124 544 2158 ab
570 2125 648 2159 alto
665 2124 849 2158 intonuit,
869 2139 901 2159 v.
919 2125 964 2159 ad
990 2124 1019 2159 l.
1041 2135 1076 2164 4.
1096 2128 1128 2162 8.
1149 2143 1193 2150 -
1220 2125 1344 2170 Quum
1366 2122 1536 2168 fulmina,

123 2184 217 2231 βὲλη
237 2214 248 2229 ,
278 2185 370 2222 κῆλαι
399 2183 488 2220 Διδς
505 2215 515 2230 ‚
537 2189 589 2221 uti
617 2187 759 2222 Latinis
788 2188 864 2221 tela
885 2187 986 2221 Iovis
1003 2215 1011 2230 ,
1040 2187 1224 2228 dicantur,
1246 2187 1417 2235 proclive
1446 2199 1533 2223 sane

126 2259 207 2286 erat
230 2275 239 2292 ‚
267 2250 314 2285 de
344 2249 478 2284 iisdem
504 2248 578 2284 dici
596 2250 786 2292 jaculari,
812 2250 988 2294 vibrare,
1010 2248 1156 2291 moliri,
1182 2254 1373 2294 torquere,
1399 2256 1434 2282 ut
1461 2262 1536 2285 sae-

125 2315 222 2363 pius·
274 2312 346 2347 Hic
381 2324 470 2347 vero
500 2313 647 2347 concise
675 2312 813 2347 dictum
847 2326 936 2360 pro,
962 2312 1158 2361 jaculando
1184 2313 1388 2359 attingere,
1420 2310 1535 2346 ferire

129 2373 312 2415 fulmine,
338 2381 376 2407 ut
402 2372 513 2409 Ovid.
537 2373 617 2409 Ibis
645 2389 677 2409 v.
701 2386 759 2428 49.¹
784 2384 818 2411 et
845 2377 998 2425 propius
1023 2375 1069 2410 ad
1097 2375 1134 2412 hi
1163 2374 1285 2410 locum
1310 2362 1442 2409 Amori
1465 2374 1532 2408 ΙΙΙ.

125 2445 159 2478 3,
174 2446 232 2479 35.
246 2436 399 2484 Jupiter
419 2436 509 2483 igne
532 2447 599 2472 suo
618 2438 733 2472 -lucos
748 2438 951 2483 jaculatur
973 2443 1010 2471 et
1031 2449 1150 2474 arces.
1175 2454 1220 2463 —-·
1244 2436 1366 2470 Arces
1390 2435 1436 2470 τὰ
1455 2433 1536 2478 ἄκροι

129 2501 212 2536 loca
236 2500 360 2542 edita,
387 2499 529 2540 colles·‚
554 2501 651 2535 unde
678 2512 808 2544 arces,
834 2512 964 2534 sacrae
988 2515 1056 2550 pro
1094 2499 1246 2549 templis
1274 2502 1309 2533 in
1333 2498 1431 2533 locis
1457 2497 1534 2532 edi·

129 2570 200 2610 tis,
232 2565 402 2614 inprimis
429 2576 516 2598 vero
544 2563 580 2597 h.
605 2562 629 2597 1.
649 2564 718 2613 pro
746 2563 958 2614 Capitolio,
978 2563 1094 2606 Jovis,
1119 2563 1352 2613 aliorumque
1368 2560 1535 2596 Deorum

127 2627 278 2677 templis
305 2635 447 2663 ornato·
501 2626 623 2671 Quum
646 2625 784 2662 fulmen
806 2639 872 2676 per
903 2640 942 2662 se
965 2630 1154 2663 notionem
1194 2627 1277 2661 irati
1316 2623 1473 2657 numinis
1510 2635 1529 2657 ὓ

127 2689 336 2741 priscorum
362 2690 554 2727 hominum
580 2690 753 2738 opinione
775 2691 966 2738 injungat,
992 2691 1095 2735 (hinc
1115 2688 1302 2722 iracunda
1327 2685 1356 2721 I.
1380 2696 1415 2728 3.
1437 2692 1530 2721 extr.

122 2756 184 2793 ubi
211 2773 244 2793 v.
271 2758 365 2802 not.)
388 2765 524 2810 quanto
550 2755 694 2804 gravior
732 2755 895 2792 Deorum
923 2756 977 2790 ira
1003 2752 1052 2791 sit
1080 2763 1237 2790 necesse
1256 2757 1326 2794 est,
1352 2747 1413 2785 ubi
1442 2746 1528 2782 odio

184 2825 220 2870 1.
250 2822 391 2872 &emb-
1180 2815 1205 2860 5
