1834 3117
205 278 420 316 sensum
440 272 493 311 et
515 263 567 311 in
596 260 715 309 aliis
747 264 986 333 excitare
1011 262 1301 316 conabitur,
1347 264 1415 313 Et
1444 280 1606 329 quum

202 350 306 396 tria
342 344 674 411 potissimum
696 343 958 406 interpres
993 341 1318 392 Horatianus
1347 344 1397 390 in
1416 344 1610 409 quovis

200 427 433 476 carmine
457 430 703 486 spectare
735 421 955 476 debeat,
987 420 1350 472 inventIOnem
1372 460 1382 476 ‚
1420 432 1611 473 tracta·

198 509 417 570 tionem,
455 496 831 565 eloquutionen
859 521 878 559 ς
909 499 1134 569 primam
1171 504 1479 569 impositam
1509 504 1610 554 sibi

197 582 435 632 censebit
475 596 653 629 curam
697 583 749 630 in
799 583 1120 649 exponendo
1156 584 1411 632 carminis
1454 599 1609 649 argu·

192 671 399 713 mento,
440 662 816 727 dispicietque,
855 679 978 712 num
1011 664 1217 727 primae
1249 664 1357 726 ejus
1389 661 1456 710 ab
1487 664 1606 728 ipso

191 742 381 790 ductae
426 740 527 789 sint
567 742 772 799 lineae,
809 759 877 791 an
918 744 1211 809 praecipua
1245 740 1447 791 inventi
1486 742 1602 789 laus

190 836 389 890 graeco
421 822 580 870 alicui
607 828 801 887 poetae
828 821 1120 870 deserenda
1151 819 1244 880 sit,
1282 830 1360 878 et,
1395 822 1437 868 si
1459 835 1606 888 grae-

188 917 307 950 cum
350 901 635 966 exemplar
671 909 793 948 ante
824 902 1006 949 oculos
1042 894 1326 958 habuerit,
1365 916 1487 949 num
1519 899 1605 961 id,

186 983 328 1049 quod
365 982 680 1030 imitandum
722 979 822 1030 sibi
855 989 1235 1048 proposuerat,
1276 980 1604 1045 adsequutus

188 1065 277 1116 sit,
318 1064 404 1113 vel
451 1063 720 1111 oi-natiore
760 1062 1017 1109 orationis
1056 1059 1266 1117 habitu,
1317 1068 1408 1108 aut
1445 1057 1606 1107 subti-

185 1142 306 1190 liori
331 1142 660 1189 tractationis
692 1140 916 1188 artificio
950 1138 1243 1205 superarit,
1280 1155 1347 1187 an
1383 1137 1604 1188 omnino

185 1223 409 1270 interior
447 1217 778 1275 discesserit,
817 1216 1141 1283 dijudicabit.
1213 1216 1351 1266 Mox
1380 1222 1455 1266 rei
1484 1236 1602 1285 per-

185 1308 455 1348 tractatae
483 1299 743 1345 rationem
768 1298 1234 1361 expositionisque
1256 1296 1484 1348 virtutes
1509 1300 1603 1346 ad-

182 1386 364 1426 curate
414 1385 674 1441 exponet,
725 1378 864 1424 etin
913 1376 1253 1440 expediendo
1311 1379 1599 1427 sententia-

125 1503 130 1508 ,
182 1476 299 1509 rum
339 1474 478 1505 nexu
535 1457 781 1510 docebit,
826 1473 966 1523 quae
1016 1459 1310 1523 pedestris,
1360 1467 1413 1506 et
1457 1476 1599 1524 quae

183 1542 400 1606 poetica
430 1539 539 1601 ejus
567 1540 634 1586 sit
658 1539 811 1586 ratio.
881 1531 1025 1586 Tum
1054 1540 1123 1588 ad
1150 1541 1322 1605 ipsam
1343 1538 1599 1587 carminis

183 1620 677 1682 interpretationem
718 1616 953 1671 delatus,
992 1621 1252 1667 sermonis
1280 1620 1472 1685 poetici
1506 1636 1597 1667 na-

179 1707 357 1745 turam
412 1704 574 1759 atque
622 1695 886 1752 indolem,
946 1696 1277 1755 doctrinam,
1321 1707 1596 1757 ornatum,

182 1774 632 1843 palchritudinem
686 1790 806 1823 cum
852 1777 1026 1825 causis
1073 1775 1397 1834 declarabit,
1442 1771 1595 1830 'eum-

182 1874 284 1921 qnf
312 1856 380 1903 ad
410 1857 693 1923 vulgarem
729 1856 982 1919 loquendi
1004 1872 1245 1905 normam
1283 1861 1592 1908 revocando

176 1939 437 1985 <orationis
466 1935 832 2001 amplificatae
858 1946 1016 2001 atque
1053 1947 1351 1988 exornatae
1384 1937 1593 1988 semina
1622 1947 1625 1953 '

175 2026 334 2079 ‚atque
382 2015 614 2080 origines
659 2013 954 2080 indagabit.
1027 2020 1133 2071 Quo
1182 2019 1237 2065 in
1284 2035 1480 2087 genere
1535 2029 1590 2068 ut

175 2101 377 2144 rectum
408 2096 473 2141 de
507 2102 702 2159 poetae
730 2097 922 2143 virtute
952 2094 1077 2145 ferri
1104 2100 1279 2163 possit
1305 2101 1585 2163 judicium,

176 2173 366 2221 sedulo
412 2173 667 2236 inquiret,
719 2174 850 2239 quid
896 2177 1064 2241 ipsius
1111 2176 1393 2227 fecundum
1443 2191 1590 2229 extu-

174 2262 312 2302 derit
339 2256 632 2319 ingenium,
669 2257 868 2322 quidve
901 2257 969 2306 ab
998 2259 1118 2307 aliis
1161 2264 1461 2326 acceperit,
1500 2279 1586 2312 ac-

171 2342 490 2399 ceptumque
558 2337 747 2405 quibus
809 2342 1136 2388 ornamentis
1202 2340 1585 2392 nobilitaverit.

168 2413 516 2480 Adponenda
541 2419 707 2474 adeo,
735 2420 778 2467 si
806 2422 1094 2485 supersint,
1118 2437 1429 2489 graecorum
1458 2440 1584 2489 poe·

170 2504 368 2550 tarum,
413 2513 636 2562 quorum
672 2499 830 2548 flores
858 2507 981 2564 apis
1013 2508 1272 2551 Matinae
1298 2525 1445 2552 more
1477 2526 1583 2554 mo-

176 2580 346 2640 doque
381 2577 609 2644 legisse,
646 2590 697 2628 et
727 2582 797 2630 ad
824 2598 960 2647 quos
996 2591 1164 2632 totum
1208 2599 1326 2632 sese
1363 2598 1580 2650 compo·

174 2656 341 2708 suisse
380 2667 619 2718 constat,
655 2677 720 2710 ea
767 2664 915 2727 loca,
967 2679 1186 2728 quorum
1235 2665 1325 2713 vel
1365 2682 1578 2715 sensum
