1779 3085
680 274 791 302 ‚-
879 254 963 302 528
1051 270 1107 280 ω

225 386 342 420 serta,
370 377 408 412 in
432 373 578 424 longum
600 372 801 410 fortissime
826 372 1010 423 pugnandi
1038 376 1292 423 perseveraret
1317 373 1541 413 constantia,
1562 380 1608 407 aa

223 452 338 491 paene
360 444 435 474 tota
459 443 697 473 cremaretur.
738 434 936 485 Cleopatra
957 437 1052 469 enini
1086 446 1168 469 cum
1189 432 1256 467 LX
1277 430 1442 477 navibus,
1456 435 1518 468 vix
1542 434 1610 468 ini:

223 509 261 536 to
284 499 427 551 proelio
446 496 650 547 aufugerat.
701 498 864 543 Quarum
883 496 1055 548 quidem,
1082 495 1217 531 nullius
1239 497 1375 547 quippe
1411 494 1458 530 ad
1494 494 1605 530 fortu-

222 573 307 597 nam
330 560 420 596 belli
459 560 592 596 iterum
627 558 838 594 tentandam
875 559 1075 601 momenti,
1104 556 1239 593 nullam
1274 557 1456 593 rationem
1478 555 1606 592 habuit

222 620 422 663 Horatius,
448 627 488 656 ut
514 628 649 670 poeta3
677 621 835 666 graviter
872 627 993 655 tamen
1025 618 1109 655 ideo
1139 617 1330 654 adcusatus
1364 631 1385 653 a
1415 617 1463 653 T.
1487 616 1609 654 Fabro

223 681 340 733 Epist.
367 680 415 716 11.
442 687 500 724 55.
524 698 572 707 —
594 679 771 714 Mentem
792 679 1059 726 lymphatam,
1084 680 1312 731 lymphatico
1339 688 1463 723 metu,
1494 692 1523 717 s.
1550 691 1614 715 va-

226 757 273 780 no
296 751 436 779 terrore
467 750 690 791 correptam.
740 742 851 778 Ovid.
879 742 1041 779 Halieut.
1065 744 1121 789 49.
1145 740 1332 777 animalia
1355 762 1401 768 —
1417 742 1509 787 vani
1519 754 1612 788 qua·

225 804 330 840 siunt
349 803 553 848 lymphata
575 803 746 839 timores.
772 804 912 847 Seneca
937 819 994 854 ep.
1025 816 1079 847 ¹3·
1102 805 1202 839 nulli
1236 811 1317 840 tam
1338 803 1549 851 perniciosi
1567 810 1614 830 -·-

224 878 340 912 quam
365 863 560 911 {ymphati
592 869 717 898 metus
738 871 850 899 sunt.-
887 867 1006 900 ceteri
1024 865 1130 900 enim
1153 867 1236 900 sine
1260 865 1423 910 ratione,
1458 863 1501 899 hi
1531 863 1615 898 sine

223 929 351 960 mente
372 928 472 959 sunt.
510 923 722 971 Lymphati
743 926 840 960 enirn
860 925 1032 962 dicuntur
1057 926 1177 962 subito
1205 928 1402 978 Nymphae
1431 927 1614 975 adspectu

224 987 474 1031 consternati,
495 984 545 1021 ab
570 998 685 1036 eaque
713 987 748 1021 in
770 985 931 1023 furorem
958 989 1046 1029 acti,
1067 986 1095 1020 οῗ
1120 987 1349 1031 κατεχόμενοι
1373 986 1544 1033 Νύμφαις
1557 988 1616 1030 (ut

225 1047 394 1098 Hesych.
423 1061 458 1085 ν.
488 1046 770 1093 Νυμφο’ληπτο1)
789 1061 876 1090 seu,
896 1056 934 1084 ut
959 1049 1069 1085 ovid.
1091 1049 1179 1084 Her.
1210 1049 1272 1085 IV.
1299 1060 1355 1093 17.
1379 1059 1473 1093 quas
1486 1047 1616 1094 Drya·

224 1109 315 1143 ades
349 1107 551 1154 Faunique
582 1107 749 1142 bicornes
778 1107 934 1142 numine
971 1114 1164 1143 contactas
1201 1115 1400 1145 attonuere
1423 1111 1505 1147 sui,-
1541 1118 1618 1146 tum

226 1170 373 1205 omnino
397 1175 520 1204 mente
547 1168 725 1211 alienati,
746 1176 853 1220 atque
890 1170 937 1204 ita
973 1169 1204 1220 perturbati,
1228 1180 1265 1206 ut
1291 1184 1379 1221 prae
1397 1171 1544 1208 consilii
1566 1173 1620 1207 in-

226 1231 310 1281 opia
332 1241 446 1266 caeco
481 1243 619 1279 pavore
655 1232 910 1281 corripiantur.
938 1231 1015 1266 Jam
1053 1234 1321 1283 lymphaticum
1354 1245 1382 1268 s.
1407 1233 1553 1268 inanem
1575 1233 1619 1267 ti·

228 1305 367 1329 morem
390 1292 589 1343 Cleopatra
614 1293 851 1343 prodiderat,
871 1306 952 1329 cum
976 1296 1038 1330 vix
1063 1296 1154 1331 inito
1178 1295 1319 1345 proelio
1335 1322 1346 1339 ,
1370 1294 1480 1331 rebus
1496 1295 1618 1330 adhuc

228 1355 382 1401 integris
400 1380 411 1397 ,
439 1352 562 1401 fugam
590 1357 714 1390 statim
736 1369 817 1391 cum
844 1355 997 1392 navibus
1016 1358 1093 1392 suis
1126 1357 1344 1399 moliretur3
1379 1361 1482 1404 cujus
1514 1359 1622 1393 timo·

228 1417 277 1450 ris
302 1424 410 1467 atque
439 1415 535 1452 adeo
557 1417 737 1453 amentiae
765 1429 911 1453 causam
933 1419 981 1455 ad
1004 1418 1222 1456 ebrietatem
1255 1427 1368 1470 poeta
1407 1418 1554 1462 retulit,
1581 1423 1621 1453 ut

231 1478 337 1513 simul
371 1476 602 1528 profligatam
626 1482 704 1527 ejus
731 1479 909 1515 luxuriam
933 1489 1090 1518 notaret.
1115 1500 1161 1509 —
1192 1478 1451 1517 Mareoticum
1473 1481 1620 1520 vinum,

227 1539 274 1573 ad
300 1538 547 1576 Mareotidem
570 1541 758 1591 paludem·
791 1555 825 1575 v.
848 1541 982 1578 Strabo
1001 1543 1120 1578 XVIl.
1153 1543 1190 1578 d.
1217 1552 1322 1583 1150.
1346 1542 1395 1578 cf.
1428 1542 1548 1593 Heyn.
1573 1540 1622 1576 ad

228 1602 362 1648 virgil.
387 1603 435 1636 G.
458 1599 507 1635 11.
530 1610 588 1643 91.
608 1619 652 1627 —-
676 1602 826 1648 redegit
847 1602 889 1636 in
915 1617 943 1639 s.
978 1607 1025 1640 ad
1047 1616 1154 1640 veros
1187 1605 1373 1650 timores,
1399 1602 1548 1650 effecit,
1584 1612 1623 1639 ut

227 1662 324 1698 haud
346 1670 488 1698 temere
517 1661 672 1710 amplius
695 1663 870 1707 timeret,
896 1676 1021 1700 verum
1047 1667 1161 1715 ipsius
1193 1667 1318 1702 animo
1340 1667 1493 1701 incussit
1515 1667 1623 1701 timo-

229 1736 319 1759 rem.
367 1721 523 1772 Proprie
561 1733 640 1756 esse
676 1721 843 1757 videtur:
878 1723 1030 1774 dispulit
1061 1726 1240 1761 insaniam
1274 1723 1485 1762 Mareotico
1507 1727 1624 1762 menti

230 1781 383 1820 offusam
417 1783 619 1826 hactenus,
652 1790 714 1825 ut,
750 1796 832 1819 curn
855 1792 963 1822 antea
988 1787 1068 1822 sine
1093 1799 1201 1822 causa
1220 1787 1440 1836 trepidasset
1469 1786 1625 1837 Cleopa·

230 1854 309 1887 tra,
335 1858 431 1881 nunc
456 1856 542 1880 vere
567 1857 605 1880 se
631 1843 679 1879 ad
702 1845 834 1882 incitas
861 1846 1049 1883 redactam
1088 1847 1329 1896 intelligeret.
1358 1866 1404 1875 —
1431 1847 1625 1893 adurgens

232 1918 431 1957 premens,
469 1906 640 1956 proxime
672 1907 871 1959 insequens
896 1920 977 1944 eam
1006 1907 1053 1942 ab
1080 1907 1226 1952 Italia,
1258 1919 1365 1959 quam
1393 1906 1511 1943 classe
1531 1906 1627 1956 peti-

232 1977 311 2004 tura
334 1968 475 2012 fuerat,
499 1966 667 2020 adeoque
692 1974 791 2004 retro
812 1968 1004 2002 volantem
1024 1971 1222 2020 praecipiti
1245 1969 1328 2017 suga
1360 1968 1533 2005 ablatam.
1566 1966 1625 2003 Ita

231 2032 382 2078 jungere
408 2035 597 2078 praestat,
624 2041 732 2080 quam
756 2028 803 2063 ab
819 2021 942 2064 Italia
967 2029 1086 2064 remis
1109 2030 1300 2078 adurgens
1319 2057 1328 2074 ,
1357 2028 1457 2082 quod
1486 2027 1626 2075 langui-

234 2089 316 2125 dius
337 2089 506 2133 videtur,
528 2093 599 2127 etsi
620 2090 670 2126 ad
689 2093 743 2127 rei
768 2094 961 2128 veritatem
983 2091 1121 2128 dictum
1149 2091 1257 2129 soret.
1289 2094 1382 2128 Nam
1407 2090 1543 2126 Caesar
1565 2101 1626 2124 an·

233 2152 268 2186 ni
291 2151 478 2201 sequentis
516 2149 664 2187 demum
701 2152 805 2188 initio
841 2163 886 2188 ex
911 2151 1018 2188 Italia
1040 2165 1208 2190 reversus
1228 2152 1495 2190 Alexandriam
1517 2152 1628 2201 petiit

234 2212 306 2247 Dio
326 2210 394 2249 LI.
415 2224 451 2258 5.
473 2211 647 2248 Horatius
670 2221 791 2249 tamen
811 2214 860 2249 ita
881 2225 959 2250 rem
986 2211 1186 2250 adornasse
1221 2214 1390 2256 videtur,
1415 2221 1454 2250 ut
1478 2219 1627 2264 praeter

235 2272 417 2308 Liburnas
443 2286 555 2310 naves
580 2283 615 2310 et
644 2276 721 2326 ipse
746 2276 882 2312 Caesar
903 2277 1025 2311 statim
1048 2283 1133 2326 post
1153 2288 1310 2326 pugnam
1334 2275 1524 2311 Actiacam
1541 2272 1631 2309 Cle·

238 2342 403 2382 opatram
421 2344 635 2384 persecutus
659 2337 856 2388 sit-Neque
869 2337 976 2373 aliter
990 2334 1090 2372 Flor.
1104 2335 1170 2372 IV.
1185 2345 1237 2371 11.
1253 2337 1388 2371 Prima
1401 2335 1485 2370 due
1498 2331 1628 2382 fugae

237 2394 369 2439 regina
382 2412 428 2420 —
438 2394 509 2428 sed
519 2394 665 2430 instare
677 2409 697 2430 2
700 2395 851 2443 estigiis
865 2398 999 2431 Caesar
1007 2410 1180 2444 —prope
1199 2410 1320 2432 manu
1333 2396 1567 2432 tenebantur.
1578 2408 1628 2421 —-

243 2464 297 2499 17·
311 2454 546 2504 Comparatio
560 2456 756 2492 Homerica
770 2458 811 2492 ll.
833 2473 870 2503 χ.
890 2461 966 2501 ¹39·
994 2473 1047 2510 sq.
1073 2459 1290 2500 Πηλῆ”δηςδ
1307 2452 1616 2502 §neewerc—vivre

239 2518 350 2560 κίρκος
372 2508 521 2560 opacent,
537 2516 776 2561 ἐλαφρότατος
799 2530 979 2560 πετεηνων,
994 2518 1126 2565 ῥηϊδιως
1139 2518 1259 2565 οἴμησε
1279 2533 1370 2565 μετα
1391 2518 1555 2565 τρήρωνα
1570 2516 1628 2551 ιη’·

239 2579 352 2611 λειαν.
378 2575 426 2612 cf
442 2576 568 2626 Eurip.
584 2577 760 2613 Androm.
774 2578 876 2623 1141.
903 2578 1012 2615 Ovid-
1028 2580 1072 2614 Α.
1086 2579 1129 2615 Α.
1154 2581 1183 2616 Ι.
1208 2590 1286 2622 117.
1309 2579 1441 2616 molles
1461 2576 1626 2619 timidas,

242 2636 415 2673 imbelles
445 2637 524 2681 (IV.
556 2650 589 2680 4.
617 2641 698 2683 31.)
720 2642 900 2675 communi
926 2641 1138 2678 animalium
1167 2643 1378 2678 timidorum
1399 2640 1574 2691 epitheto.
1589 2652 1625 2672 v·

242 2697 289 2733 ad
314 2697 345 2735 1·
364 2699 660 2742 ¹⁵·31.-›citus
684 2714 789 2738 cursu
810 2705 994 2741 concitato
1014 2716 1255 2755 persequens,
1280 2704 1445 2748 vestigiis
1470 2701 1627 2736 instans.

1765 2835 1768 2851 l
