1779 3085
743 181 1117 226 —437-

239 287 366 322 solida
397 300 463 322 nec
475 288 625 337 fortis,
651 287 728 321 nisi
748 287 790 319 in
815 285 1130 332 quamfiequens
1152 291 1285 321 ventus
1308 288 1496 326 incursat.
1522 287 1635 324 Steri·

240 346 382 384 litatem
411 348 459 384 ob
477 349 666 384 desectum
691 346 826 383 caloris
860 347 1016 398 amplius
1053 345 1216 383 declarat
1246 358 1357 398 poeta
1386 365 1452 400 per
1475 362 1634 396 campos

236 411 393 458 pigros,
431 411 561 463 quibus
599 412 654 446 vis
680 423 711 445 s.
734 411 935 460 temperies
969 409 1090 445 vitalis
1119 409 1165 444 ad
1191 408 1334 461 aliquid
1362 415 1633 462 procreandum

244 473 372 518 deest,
398 485 459 508 seu
483 481 636 522 propter
661 473 814 507 nimium
840 470 1027 515 ardorem,
1051 484 1115 506 seu
1141 477 1291 521 propter
1317 474 1470 510 nimium
1492 476 1629 524 frigus:

240 535 406 570 unde·et
428 531 568 579 frigus
599 534 760 580 pigrum
777 559 788 576 ‚
827 532 958 567 sterile
997 534 1150 569 dicitur.
1176 533 1318 570 Lucan.
1346 534 1408 569 IV.
1434 544 1513 577 108.
1538 550 1633 573 zona

240 594 375 630 nivalis
407 615 454 623 —
482 594 610 629 sterili
629 607 706 631 non
748 592 1129 642 quidquamfrigore
1143 593 1289 642 gignit.
1314 595 1370 632 De
1395 598 1507 633 nimio
1528 608 1633 636 aestu

238 657 336 693 idem
348 655 411 691 IX.
427 658 507 703 436.
533 661 674 692 natura
697 657 827 692 deside
852 661 978 702 torpet
1001 657 1103 693 orbis
1129 663 1167 692 et
1189 657 1368 693 immotis
1385 671 1529 695 annum
1555 675 1633 696 nort

237 717 357 753 sentit
381 719 506 754 arenis
535 721 605 753 hoc
625 725 710 754 tam
733 731 848 768 segne
870 720 1012 757 solum.
1061 718 1219 766 Agrum
1241 723 1450 770 frumento
1471 722 1632 769 pigrum

237 779 334 816 dixit
357 780 507 831 Apulei.
528 780 671 818 Florid.
693 782 741 817 T.
771 781 823 817 11.
845 797 884 832 p.
907 786 986 822 ¹28.
1016 780 1076 817 ed.
1102 783 1187 834 Bip.
1219 784 1329 821 Forte
1349 793 1471 820 tamen
1494 784 1633 833 simpli-

237 845 330 880 citer
355 853 467 895 poeta
492 857 525 882 c.
542 845 679 892 pigros
702 846 796 882 dixit
817 873 828 890 ,
850 859 917 897 pro
934 872 945 888 ,
973 847 1170 888 immotos,
1215 846 1394 889 incultos,
1417 844 1634 881 hominibus

235 907 372 956 quippe
397 920 468 943 non
486 906 735 944 habitabiles:
765 922 838 959 quo
859 906 938 944 fere
969 921 1079 944 sensu
1108 897 1327 954 squalentia
1359 919 1451 943 arva
1479 905 1632 955 aestife-

235 978 299 1000 rae
334 966 474 1013 Libyes
511 967 603 1003 dixit
637 967 777 1004 Lucan·
809 968 839 1003 I.
873 978 956 1013 205.
988 969 1141 1006 Homer.
1170 969 1218 1004 H.
1244 971 1282 1003 in
1309 969 1394 1006 Cer.
1421 985 1452 1005 v.
1478 978 1560 1010 451·
1584 967 1633 1005 de

235 1042 323 1076 agro
358 1030 520 1065 Rhario:
544 1026 645 1063 ἀλλὰ
671 1024 793 1070 ἕκηλος
819 1030 991 1074 εἱστήκει,
1007 1031 1151 1076 pigra,
1186 1031 1334 1066 inculta
1353 1030 1549 1066 horrebat.
1586 1048 1633 1056 --

239 1103 292 1134 19.
320 1092 445 1126 malae
466 1090 625 1126 nebulae
647 1100 684 1128 et
709 1092 837 1127 malus
861 1093 1033 1138 Jupiter,
1058 1105 1121 1128 aer
1144 1095 1269 1130 noxius
1297 1093 1435 1141 frigore
1469 1105 1512 1127 ac
1543 1090 1634 1127 den·

238 1154 349 1188 sitate
371 1166 447 1189 sua.
499 1153 623 1189 Valer.
649 1151 773 1188 Flacc.
799 1153 831 1190 Ι.
855 1159 935 1196 5ι5.
962 1155 1008 1191 de
1032 1155 1163 1191 eadem
1187 1168 1301 1190 zona:
1329 1153 1425 1189 nube
1445 1153 1575 1198 rigens
1599 1156 1638 1186 et

236 1212 367 1247 nescia
392 1225 522 1248 rerum
546 1213 724 1258 (sterilis)
752 1219 833 1248 stat
862 1225 991 1260 super.
1033 1215 1167 1252 Eidem
1195 1216 1355 1250 densam
1375 1215 1552 1251 umbram
1571 1217 1637 1250 tri-

233 1273 312 1309 buit
339 1273 483 1310 Tibull.
512 1276 574 1309 IV.
602 1275 630 1309 Ι.
660 1281 737 1316 154.
764 1275 830 1309 Sic
858 1277 987 1310 malus
1008 1276 1158 1322 Jupiter
1192 1279 1311 1314 Statio
1335 1277 1461 1314 Theb.
1484 1277 1529 1312 X.
1550 1277 1633 1322 374.

233 1340 272 1369 et
295 1334 402 1368 mala
419 1333 551 1369 nubila
581 1335 704 1372 eidem
728 1333 855 1372 Theb.
882 1337 915 1371 Ι.
937 1337 1019 1380 664.
1047 1337 1094 1373 de
1116 1346 1220 1389 peste
1258 1338 1375 1375 dicta.
1413 1357 1461 1366 —
1496 1342 1633 1384 urget,

232 1396 352 1445 spissa
385 1407 451 1431 sua
485 1398 668 1442 gravitate
699 1398 861 1446 premit,
902 1395 1106 1440 incumbit,
1147 1399 1366 1438 circumdat.
1402 1399 1542 1436 Lucan.
1568 1399 1632 1436 IV.

232 1458 312 1494 166.
339 1456 476 1492 mundi
493 1457 680 1505 parsima
694 1459 808 1501 iacet,
830 1469 948 1504 quam
969 1470 1065 1494 zona
1090 1461 1231 1496 nivalis
1244 1467 1527 1509 perpetuaeque
1545 1475 1633 1508 pre·

234 1525 347 1556 munt
371 1521 529 1556 hiemes.
581 1520 726 1556 Seneca
748 1520 795 1557 de
820 1521 929 1556 Prov.
949 1520 1016 1556 IV.
1039 1527 1228 1566 perpetua
1252 1522 1340 1558 illos
1363 1523 1499 1567 hiems,
1522 1524 1636 1558 triste

233 1584 382 1618 caelum
409 1583 580 1631 premit,
616 1584 777 1632 maligne
804 1582 925 1621 solum
960 1583 1088 1620 sterile
1119 1593 1311 1622 sustentat.
1361 1585 1486 1624 Valet.
1510 1586 1635 1623 Flacc.

232 1645 266 1680 Ι.
290 1655 373 1689 513.
403 1646 449 1683 de
473 1647 591 1683 Jove:
619 1645 779 1681 horrida
801 1656 913 1681 saevo
943 1658 1039 1693 quae
1061 1647 1208 1690 premis
1229 1658 1322 1682 arva
1340 1647 1447 1694 gela.
1462 1647 1558 1684 etde
1574 1661 1638 1683 ne-

231 1707 331 1744 bulis
362 1709 497 1746 Senec.
526 1708 664 1760 oedip.
690 1708 895 1756 47.gravis
922 1714 959 1742 et
979 1713 1065 1742 ater
1102 1707 1263 1742 incubat
1290 1709 1405 1743 terris
1432 1719 1564 1754 vapor.
1587 1728 1635 1737 —-

235 1779 291 1806 21.
316 1771 388 1806 Seu
408 1770 542 1817 degam
569 1770 636 1806 sub
658 1781 752 1806 zona
779 1769 935 1807 torrida.
961 1767 1039 1803 Sub
1060 1779 1174 1803 curru
1205 1769 1308 1803 Solis
1331 1771 1441 1805 terris
1466 1770 1634 1805 nimium

229 1831 468 1876 propinqui,
495 1843 538 1868 ex
562 1833 711 1882 antiqua
733 1832 921 1877 opinione.
946 1829 994 1867 cf.
1019 1829 1162 1866 Tibull.
1188 1831 1236 1866 11.
1260 1831 1367 1875 3·56.
1391 1840 1428 1868 et
1450 1832 1514 1867 lv.
1527 1843 1558 1867 2.
1571 1842 1631 1869 20.

237 1911 284 1919 —
307 1890 482 1927 domibus
506 1896 673 1938 negata,
704 1889 767 1926 ubi
788 1890 920 1926 domos
955 1900 1144 1929 exstruere
1169 1905 1233 1928 seu
1264 1896 1386 1940 potius
1423 1893 1631 1931 inhabitare

238 1969 309 1990 non
331 1953 444 1995 licet.
470 1967 539 1989 non
565 1960 653 1999 apta
676 1959 733 1988 est
755 1951 802 1987 ad
827 1951 1080 1989 habitandum.
1111 1953 1263 1990 Duobus
1299 1955 1419 1992 modis
1445 1957 1515 1993 hoo
1543 1970 1633 2006 poe·

236 2023 295 2051 tae
318 2012 487 2051 efferunt.
538 2016 680 2050 Dicitur
708 2015 805 2050 enim
821 2040 832 2057 ,
860 2020 962 2048 terra
985 2020 1126 2061 negata
1148 2021 1207 2050 est
1229 2015 1431 2064 domibus,
1469 2022 1508 2051 et
1529 2024 1634 2053 terra

240 2082 356 2121 negat
376 2075 573 2118 domibus,
602 2077 646 2111 iis
672 2090 742 2112 non
767 2075 1022 2113 adcommoda.
1043 2077 1135 2114 Stat.
1169 2078 1293 2116 Theb.
1328 2078 1358 2115 I.
1393 2091 1471 2123 124.
1493 2081 1636 2115 dexter

240 2138 376 2172 Iaccho
396 2138 525 2180 collis,
551 2143 592 2172 at
619 2138 800 2172 Ennaeae
825 2138 949 2172 Cereri
966 2144 1094 2184 negat,
1125 2140 1267 2178 Lucan.
1289 2141 1355 2178 IX.
1389 2142 1470 2182 856.
1499 2143 1633 2189 Impa-

240 2202 413 2246 tiensque
436 2200 563 2234 solum
592 2198 735 2234 Cereris
750 2226 762 2242 ,
786 2201 932 2235 cultore
959 2206 1112 2248 negato.

333 2276 365 2298 v.
393 2265 450 2299 23.
477 2271 533 2302 24.
556 2260 697 2299 Secure
726 2260 778 2298 ibi
804 2275 848 2299 ac
871 2265 1029 2300 suaviter
1050 2264 1197 2312 degam.
1232 2265 1314 2303 Hoc
1350 2266 1483 2304 iterum
1509 2267 1632 2305 decia·

242 2332 298 2359 rat
323 2337 388 2371 per
414 2336 657 2375 consequens,
684 2325 871 2367 nimirum,
894 2338 932 2361 se
955 2337 1076 2362 rerum
1099 2328 1261 2363 omnium
1283 2341 1452 2365 securum
1468 2330 1630 2378 Lalages

239 2388 354 2422 amori
383 2385 433 2420 ibi
457 2387 564 2422 unice
585 2393 810 2425 vacaturum.
838 2385 956 2423 valde
980 2396 1131 2433 errant,
1157 2391 1220 2441 qui
1245 2389 1294 2426 ob
1320 2404 1483 2428 amorem
1511 2394 1548 2427 in
1565 2391 1634 2428 La-

236 2450 344 2496 lagen
378 2448 570 2483 Horatium
598 2449 678 2483 Diis
699 2459 892 2499 acceptum
908 2476 918 2493 ,
945 2449 1104 2502 ideoque
1130 2465 1150 2487 e
1169 2453 1341 2502 pericuio
1365 2461 1563 2496 servatum,
1580 2462 1634 2490 at-

239 2524 313 2563 que
339 2510 386 2547 ob
408 2510 503 2551 huno
528 2512 644 2560 ipsum
670 2512 706 2546 in
741 2511 1002 2548 desertissimis
1035 2512 1250 2560 regionibus
1272 2527 1312 2550 se
1339 2522 1454 2551 tutum
1483 2515 1632 2566 praedi·

241 2587 325 2609 care
352 2578 551 2608 antumant.
578 2590 622 2597 -
648 2571 776 2613 dulce,
794 2574 952 2609 suaviter
977 2573 1189 2619 ridentem,
1215 2575 1393 2622 νεκτάρεον
1413 2575 1632 2621 μειδήσασαν

240 2634 340 2670 velue
367 2633 540 2687 Apollon.
566 2625 637 2670 'Rh-
660 2634 731 2671 111.
751 2635 856 2675 1008.
876 2636 999 2680 ‘remiis
1018 2636 1148 2682 ἱμερόεν
1172 2635 1312 2689 Sapph.
1333 2637 1379 2676 V.
1402 2643 1438 2679 5.
1465 2634 1528 2679 ἧδῦ
1552 2638 1631 2683 μεὶ-
