<?xml version="1.0" encoding="UTF-8"?>
<!DOCTYPE html PUBLIC "-//W3C//DTD XHTML 1.0 Transitional//EN"
    "http://www.w3.org/TR/xhtml1/DTD/xhtml1-transitional.dtd">
<html xmlns="http://www.w3.org/1999/xhtml" xml:lang="en" lang="en">
 <head>
  <title>
</title>
<meta http-equiv="Content-Type" content="text/html;charset=utf-8" />
  <meta name='ocr-system' content='tesseract 3.04.00' />
  <meta name='ocr-capabilities' content='ocr_page ocr_carea ocr_par ocr_line ocrx_word'/>
</head>
<body>
  <div class='ocr_page' id='page_1' title='image "./quintihoratiifla01horauoft_0697.png"; bbox 0 0 1779 3085; ppageno 0'>
   <div class='ocr_carea' id='block_1_1' title="bbox 101 354 1551 2746">
    <p class='ocr_par' dir='ltr' id='par_1_1' title="bbox 101 354 1551 2175">
     <span class='ocr_line' id='line_1_1' title="bbox 115 354 1514 408; baseline -0.005 -12"><span class='ocrx_word' id='word_1_1' title='bbox 115 358 197 396; x_wconf 77' lang='lat' dir='ltr'><strong><em>deri</em></strong></span> <span class='ocrx_word' id='word_1_2' title='bbox 219 356 381 408; x_wconf 84' lang='lat' dir='ltr'><strong><em>opponi;</em></strong></span> <span class='ocrx_word' id='word_1_3' title='bbox 406 364 444 392; x_wconf 89' lang='lat' dir='ltr'><strong><em>ut</em></strong></span> <span class='ocrx_word' id='word_1_4' title='bbox 464 356 558 393; x_wconf 79' lang='lat' dir='ltr'><strong><em>adeo</em></strong></span> <span class='ocrx_word' id='word_1_5' title='bbox 585 356 653 391; x_wconf 87' lang='lat' dir='ltr'><strong><em>illo</em></strong></span> <span class='ocrx_word' id='word_1_6' title='bbox 677 358 747 392; x_wconf 86' lang='lat' dir='ltr'><strong><em>iter</em></strong></span> <span class='ocrx_word' id='word_1_7' title='bbox 777 359 1013 400; x_wconf 80' lang='lat' dir='ltr'><strong><em>maritimum,</em></strong></span> <span class='ocrx_word' id='word_1_8' title='bbox 1036 354 1107 404; x_wconf 72' lang='lat' dir='ltr'><strong><em>hoo</em></strong></span> <span class='ocrx_word' id='word_1_9' title='bbox 1130 363 1308 392; x_wconf 77' lang='lat' dir='ltr'><strong><em>terrestre</em></strong></span> <span class='ocrx_word' id='word_1_10' title='bbox 1334 356 1514 394; x_wconf 75' lang='lat' dir='ltr'><strong><em>&#39;declare-</em></strong></span> 
     </span>
     <span class='ocr_line' id='line_1_2' title="bbox 103 417 1514 466; baseline -0.004 -11"><span class='ocrx_word' id='word_1_11' title='bbox 103 423 197 458; x_wconf 72' lang='lat' dir='ltr'><strong><em>&#39;tur;</em></strong></span> <span class='ocrx_word' id='word_1_12' title='bbox 222 420 272 453; x_wconf 88' lang='lat' dir='ltr'><strong><em>uti</em></strong></span> <span class='ocrx_word' id='word_1_13' title='bbox 299 417 378 454; x_wconf 84' lang='lat' dir='ltr'><strong><em>fere</em></strong></span> <span class='ocrx_word' id='word_1_14' title='bbox 404 418 440 452; x_wconf 90' lang='lat' dir='ltr'><strong><em>in</em></strong></span> <span class='ocrx_word' id='word_1_15' title='bbox 469 418 552 453; x_wconf 87' lang='lat' dir='ltr'><strong><em>loco</em></strong></span> <span class='ocrx_word' id='word_1_16' title='bbox 577 418 768 455; x_wconf 79' lang='lat' dir='ltr'><strong><em>simillimo</em></strong></span> <span class='ocrx_word' id='word_1_17' title='bbox 797 419 868 454; x_wconf 82' lang='grc' dir='ltr'><strong>ΙΙΙ.</strong></span> <span class='ocrx_word' id='word_1_18' title='bbox 896 432 929 455; x_wconf 82' lang='grc' dir='ltr'><strong><em>ι.</em></strong></span> <span class='ocrx_word' id='word_1_19' title='bbox 949 431 1008 466; x_wconf 83' lang='lat'><strong><em>39.</em></strong></span> <span class='ocrx_word' id='word_1_20' title='bbox 1039 418 1168 453; x_wconf 86' lang='lat' dir='ltr'><strong><em>Timor</em></strong></span> <span class='ocrx_word' id='word_1_21' title='bbox 1189 423 1227 453; x_wconf 85' lang='lat' dir='ltr'><strong><em>et</em></strong></span> <span class='ocrx_word' id='word_1_22' title='bbox 1247 417 1387 453; x_wconf 83' lang='lat' dir='ltr'><strong><em>Minae</em></strong></span> <span class='ocrx_word' id='word_1_23' title='bbox 1401 430 1514 453; x_wconf 78' lang='lat' dir='ltr'><strong><em>scan-</em></strong></span> 
     </span>
     <span class='ocr_line' id='line_1_3' title="bbox 118 477 1516 526; baseline -0.001 -11"><span class='ocrx_word' id='word_1_24' title='bbox 118 479 217 515; x_wconf 82' lang='lat' dir='ltr'><strong><em>dunt</em></strong></span> <span class='ocrx_word' id='word_1_25' title='bbox 244 479 392 522; x_wconf 71' lang='lat' dir='ltr'><strong><em>eodem,</em></strong></span> <span class='ocrx_word' id='word_1_26' title='bbox 416 490 489 526; x_wconf 82' lang='lat' dir='ltr'><strong><em>quo</em></strong></span> <span class='ocrx_word' id='word_1_27' title='bbox 512 477 712 516; x_wconf 62' lang='lat' dir='ltr'><strong><em>dominun</em></strong></span> <span class='ocrx_word' id='word_1_28' title='bbox 731 491 850 526; x_wconf 82' lang='lat' dir='ltr'><strong><em>neque</em></strong></span> <span class='ocrx_word' id='word_1_29' title='bbox 871 480 1016 514; x_wconf 82' lang='lat' dir='ltr'><strong><em>dec&#39;edit</em></strong></span> <span class='ocrx_word' id='word_1_30' title='bbox 1029 485 1161 515; x_wconf 77' lang='lat' dir='ltr'><strong><em>aerata</em></strong></span> <span class='ocrx_word' id='word_1_31' title='bbox 1182 478 1346 523; x_wconf 84' lang='lat' dir='ltr'><em>triremi,</em></span> <span class='ocrx_word' id='word_1_32' title='bbox 1368 484 1406 513; x_wconf 89' lang='lat' dir='ltr'><strong><em>et</em></strong></span> <span class='ocrx_word' id='word_1_33' title='bbox 1423 486 1516 526; x_wconf 83' lang='lat' dir='ltr'><strong><em>post</em></strong></span> 
     </span>
     <span class='ocr_line' id='line_1_4' title="bbox 112 538 1513 593; baseline -0.002 -16"><span class='ocrx_word' id='word_1_34' title='bbox 112 543 282 590; x_wconf 78' lang='lat' dir='ltr'><em>equitem</em></span> <span class='ocrx_word' id='word_1_35' title='bbox 306 542 409 576; x_wconf 84' lang='lat' dir='ltr'><strong><em>sedet</em></strong></span> <span class='ocrx_word' id='word_1_36' title='bbox 434 543 522 573; x_wconf 80' lang='lat' dir='ltr'><strong><em>atra</em></strong></span> <span class='ocrx_word' id='word_1_37' title='bbox 552 538 665 574; x_wconf 85' lang='lat' dir='ltr'><strong><em>Cura.</em></strong></span> <span class='ocrx_word' id='word_1_38' title='bbox 696 542 723 575; x_wconf 89' lang='lat'><strong><em>1.</em></strong></span> <span class='ocrx_word' id='word_1_39' title='bbox 738 543 772 574; x_wconf 89' lang='lat'><strong><em>6.</em></strong></span> <span class='ocrx_word' id='word_1_40' title='bbox 788 544 973 592; x_wconf 82' lang='lat' dir='ltr'><strong><em>3.pariter</em></strong></span> <span class='ocrx_word' id='word_1_41' title='bbox 986 549 1220 593; x_wconf 86' lang='lat' dir='ltr'><strong><em>opponuntur</em></strong></span> <span class='ocrx_word' id='word_1_42' title='bbox 1234 552 1347 576; x_wconf 83' lang='lat' dir='ltr'><strong><em>naves</em></strong></span> <span class='ocrx_word' id='word_1_43' title='bbox 1363 543 1513 586; x_wconf 84' lang='lat' dir='ltr'><strong><em>etequi,</em></strong></span> 
     </span>
     <span class='ocr_line' id='line_1_5' title="bbox 113 600 1517 653; baseline -0.004 -13"><span class='ocrx_word' id='word_1_44' title='bbox 113 614 151 641; x_wconf 87' lang='lat' dir='ltr'><strong><em>et</em></strong></span> <span class='ocrx_word' id='word_1_45' title='bbox 175 603 261 640; x_wconf 83' lang='lat' dir='ltr'><strong><em>inde</em></strong></span> <span class='ocrx_word' id='word_1_46' title='bbox 285 602 383 653; x_wconf 86' lang='lat' dir='ltr'><strong><em>apud</em></strong></span> <span class='ocrx_word' id='word_1_47' title='bbox 408 600 508 636; x_wconf 77' lang='lat' dir='ltr'><strong><em>Ptor.</em></strong></span> <span class='ocrx_word' id='word_1_48' title='bbox 537 601 585 641; x_wconf 89' lang='grc' dir='ltr'><strong><em>ΙΙ.</em></strong></span> <span class='ocrx_word' id='word_1_49' title='bbox 610 613 642 637; x_wconf 77' lang='lat'><strong><em>2.</em></strong></span> <span class='ocrx_word' id='word_1_50' title='bbox 666 601 732 637; x_wconf 82' lang='lat' dir='ltr'><strong><em>ille</em></strong></span> <span class='ocrx_word' id='word_1_51' title='bbox 758 608 936 638; x_wconf 84' lang='lat' dir='ltr'><strong><em>terrester</em></strong></span> <span class='ocrx_word' id='word_1_52' title='bbox 951 606 1121 650; x_wconf 80' lang='lat' dir='ltr'><strong><em>populus</em></strong></span> <span class='ocrx_word' id='word_1_53' title='bbox 1142 602 1323 648; x_wconf 74' lang='lat' dir='ltr'><em>ostendit,</em></span> <span class='ocrx_word' id='word_1_54' title='bbox 1351 604 1517 638; x_wconf 73' lang='lat' dir='ltr'><strong><em>nihiliu-</em></strong></span> 
     </span>
     <span class='ocr_line' id='line_1_6' title="bbox 115 661 1515 711; baseline -0.001 -11"><span class='ocrx_word' id='word_1_55' title='bbox 115 670 252 701; x_wconf 79' lang='lat' dir='ltr'><strong><em>teresse</em></strong></span> <span class='ocrx_word' id='word_1_56' title='bbox 284 661 466 706; x_wconf 81' lang='lat' dir='ltr'><strong><em>virtutis,</em></strong></span> <span class='ocrx_word' id='word_1_57' title='bbox 491 664 596 709; x_wconf 79' lang='lat' dir='ltr'><strong><em>equis</em></strong></span> <span class='ocrx_word' id='word_1_58' title='bbox 624 675 674 698; x_wconf 88' lang='lat' dir='ltr'><strong><em>an</em></strong></span> <span class='ocrx_word' id='word_1_59' title='bbox 698 664 870 707; x_wconf 75' lang='lat' dir='ltr'><strong><em>navibus,</em></strong></span> <span class='ocrx_word' id='word_1_60' title='bbox 894 671 1000 700; x_wconf 84' lang='lat' dir='ltr'><strong><em>terra</em></strong></span> <span class='ocrx_word' id='word_1_61' title='bbox 1024 676 1073 704; x_wconf 74' lang='lat' dir='ltr'><strong><em>an</em></strong></span> <span class='ocrx_word' id='word_1_62' title='bbox 1100 664 1205 698; x_wconf 87' lang='lat' dir='ltr'><strong><em>mari</em></strong></span> <span class='ocrx_word' id='word_1_63' title='bbox 1235 664 1515 711; x_wconf 75' lang='lat' dir='ltr'><em>dimicaretur,</em></span> 
     </span>
     <span class='ocr_line' id='line_1_7' title="bbox 115 724 1516 777; baseline -0.003 -14"><span class='ocrx_word' id='word_1_64' title='bbox 115 727 177 763; x_wconf 82' lang='lat' dir='ltr'><strong><em>uhi</em></strong></span> <span class='ocrx_word' id='word_1_65' title='bbox 201 724 482 777; x_wconf 79' lang='lat' dir='ltr'><strong><em>expungendum</em></strong></span> <span class='ocrx_word' id='word_1_66' title='bbox 511 724 605 760; x_wconf 85' lang='lat' dir='ltr'><strong><em>illud</em></strong></span> <span class='ocrx_word' id='word_1_67' title='bbox 629 725 835 773; x_wconf 77' lang='lat' dir='ltr'>glossema:</span> <span class='ocrx_word' id='word_1_68' title='bbox 860 730 963 760; x_wconf 84' lang='lat' dir='ltr'><strong><em>terra</em></strong></span> <span class='ocrx_word' id='word_1_69' title='bbox 982 739 1031 760; x_wconf 86' lang='lat' dir='ltr'><strong><em>an</em></strong></span> <span class='ocrx_word' id='word_1_70' title='bbox 1053 725 1168 761; x_wconf 81' lang='lat' dir='ltr'><strong><em>mari.</em></strong></span> <span class='ocrx_word' id='word_1_71' title='bbox 1194 726 1347 762; x_wconf 77' lang='lat' dir='ltr'>Possunt</span> <span class='ocrx_word' id='word_1_72' title='bbox 1375 735 1412 763; x_wconf 92' lang='lat' dir='ltr'><strong><em>et</em></strong></span> <span class='ocrx_word' id='word_1_73' title='bbox 1435 733 1516 760; x_wconf 85' lang='lat' dir='ltr'><strong><em>tur-</em></strong></span> 
     </span>
     <span class='ocr_line' id='line_1_8' title="bbox 114 787 1514 839; baseline 0.001 -17"><span class='ocrx_word' id='word_1_74' title='bbox 114 801 202 826; x_wconf 77' lang='lat' dir='ltr'><strong><em>mae</em></strong></span> <span class='ocrx_word' id='word_1_75' title='bbox 226 787 402 836; x_wconf 82' lang='lat' dir='ltr'><strong><em>equitum</em></strong></span> <span class='ocrx_word' id='word_1_76' title='bbox 424 788 572 837; x_wconf 81' lang='lat' dir='ltr'>proprie</span> <span class='ocrx_word' id='word_1_77' title='bbox 607 789 728 837; x_wconf 78' lang='lat' dir='ltr'>accipi</span> <span class='ocrx_word' id='word_1_78' title='bbox 760 787 806 823; x_wconf 83' lang='lat' dir='ltr'><strong><em>de</em></strong></span> <span class='ocrx_word' id='word_1_79' title='bbox 835 789 1026 839; x_wconf 86' lang='lat' dir='ltr'><strong><em>equitatu,</em></strong></span> <span class='ocrx_word' id='word_1_80' title='bbox 1059 788 1284 838; x_wconf 76' lang='lat' dir='ltr'>omninoque</span> <span class='ocrx_word' id='word_1_81' title='bbox 1319 790 1514 830; x_wconf 57' lang='lat' dir='ltr'><strong><em>exercitu}</em></strong></span> 
     </span>
     <span class='ocr_line' id='line_1_9' title="bbox 110 849 1514 895; baseline -0.001 -9"><span class='ocrx_word' id='word_1_82' title='bbox 110 853 170 886; x_wconf 87' lang='lat' dir='ltr'><strong><em>cui</em></strong></span> <span class='ocrx_word' id='word_1_83' title='bbox 199 863 236 886; x_wconf 79' lang='lat' dir='ltr'><strong><em>se</em></strong></span> <span class='ocrx_word' id='word_1_84' title='bbox 259 850 355 886; x_wconf 82' lang='lat' dir='ltr'><strong><em>Cura</em></strong></span> <span class='ocrx_word' id='word_1_85' title='bbox 380 849 555 884; x_wconf 72' lang='lat' dir='ltr'>audacter</span> <span class='ocrx_word' id='word_1_86' title='bbox 580 851 776 885; x_wconf 72' lang='lat' dir='ltr'>immiscet.</span> <span class='ocrx_word' id='word_1_87' title='bbox 803 849 955 885; x_wconf 86' lang='lat' dir='ltr'><strong><em>Lucret.</em></strong></span> <span class='ocrx_word' id='word_1_88' title='bbox 973 850 1024 884; x_wconf 79' lang='lat'><strong><em>11.</em></strong></span> <span class='ocrx_word' id='word_1_89' title='bbox 1046 861 1104 895; x_wconf 69' lang='lat'><strong><em>47.</em></strong></span> <span class='ocrx_word' id='word_1_90' title='bbox 1137 849 1274 884; x_wconf 69' lang='lat' dir='ltr'><strong><em>Metus</em></strong></span> <span class='ocrx_word' id='word_1_91' title='bbox 1308 849 1514 885; x_wconf 79' lang='lat' dir='ltr'><strong><em>hominum</em></strong></span> 
     </span>
     <span class='ocr_line' id='line_1_10' title="bbox 113 912 1512 960; baseline 0.001 -15"><span class='ocrx_word' id='word_1_92' title='bbox 113 913 303 960; x_wconf 75' lang='lat' dir='ltr'><em>Curaeque</em></span> <span class='ocrx_word' id='word_1_93' title='bbox 323 923 500 960; x_wconf 82' lang='lat' dir='ltr'><em>sequaces</em></span> <span class='ocrx_word' id='word_1_94' title='bbox 526 923 593 946; x_wconf 84' lang='lat' dir='ltr'><strong><em>nec</em></strong></span> <span class='ocrx_word' id='word_1_95' title='bbox 615 915 795 944; x_wconf 78' lang='lat' dir='ltr'><strong><em>metuunt</em></strong></span> <span class='ocrx_word' id='word_1_96' title='bbox 807 912 957 945; x_wconf 78' lang='lat' dir='ltr'><strong><em>sonitus</em></strong></span> <span class='ocrx_word' id='word_1_97' title='bbox 980 921 1195 952; x_wconf 81' lang='lat' dir='ltr'><strong><em>armorum,</em></strong></span> <span class='ocrx_word' id='word_1_98' title='bbox 1218 923 1286 945; x_wconf 83' lang='lat' dir='ltr'><strong><em>nec</em></strong></span> <span class='ocrx_word' id='word_1_99' title='bbox 1296 912 1394 959; x_wconf 86' lang='lat' dir='ltr'><strong><em>fera</em></strong></span> <span class='ocrx_word' id='word_1_100' title='bbox 1419 912 1512 950; x_wconf 84' lang='lat' dir='ltr'><strong><em>tela.</em></strong></span> 
     </span>
     <span class='ocr_line' id='line_1_11' title="bbox 110 970 1516 1023; baseline 0.001 -15"><span class='ocrx_word' id='word_1_101' title='bbox 110 972 166 1009; x_wconf 87' lang='lat' dir='ltr'><strong><em>Ita</em></strong></span> <span class='ocrx_word' id='word_1_102' title='bbox 189 985 276 1009; x_wconf 87' lang='lat' dir='ltr'><strong><em>vero</em></strong></span> <span class='ocrx_word' id='word_1_103' title='bbox 301 973 476 1008; x_wconf 73' lang='lat' dir='ltr'><strong><em>audaciae</em></strong></span> <span class='ocrx_word' id='word_1_104' title='bbox 505 973 618 1020; x_wconf 81' lang='lat' dir='ltr'><strong><em>magis</em></strong></span> <span class='ocrx_word' id='word_1_105' title='bbox 649 984 757 1023; x_wconf 81' lang='lat' dir='ltr'><strong><em>quam</em></strong></span> <span class='ocrx_word' id='word_1_106' title='bbox 784 971 990 1008; x_wconf 80' lang='lat' dir='ltr'><strong><em>velocitatis</em></strong></span> <span class='ocrx_word' id='word_1_107' title='bbox 1025 974 1060 1007; x_wconf 83' lang='lat' dir='ltr'><strong><em>in</em></strong></span> <span class='ocrx_word' id='word_1_108' title='bbox 1088 973 1184 1007; x_wconf 84' lang='lat' dir='ltr'><strong><em>Cura</em></strong></span> <span class='ocrx_word' id='word_1_109' title='bbox 1218 970 1432 1019; x_wconf 78' lang='lat' dir='ltr'><strong><em>effingenda</em></strong></span> <span class='ocrx_word' id='word_1_110' title='bbox 1461 986 1516 1010; x_wconf 86' lang='lat' dir='ltr'><strong><em>ra·</em></strong></span> 
     </span>
     <span class='ocr_line' id='line_1_12' title="bbox 107 1032 1516 1085; baseline 0.001 -15"><span class='ocrx_word' id='word_1_111' title='bbox 107 1037 247 1072; x_wconf 85' lang='lat' dir='ltr'><strong><em>tionem</em></strong></span> <span class='ocrx_word' id='word_1_112' title='bbox 269 1048 289 1070; x_wconf 89' lang='lat' dir='ltr'><strong><em>a</em></strong></span> <span class='ocrx_word' id='word_1_113' title='bbox 309 1043 419 1084; x_wconf 85' lang='lat' dir='ltr'><strong><em>poeta</em></strong></span> <span class='ocrx_word' id='word_1_114' title='bbox 444 1032 608 1069; x_wconf 70' lang='lat' dir='ltr'><strong><em>habitam</em></strong></span> <span class='ocrx_word' id='word_1_115' title='bbox 629 1037 710 1084; x_wconf 85' lang='lat' dir='ltr'><strong><em>jure</em></strong></span> <span class='ocrx_word' id='word_1_116' title='bbox 735 1043 1001 1084; x_wconf 77' lang='lat' dir='ltr'>exspectasses.</span> <span class='ocrx_word' id='word_1_117' title='bbox 1036 1034 1159 1082; x_wconf 79' lang='lat' dir='ltr'><strong><em>Magis</em></strong></span> <span class='ocrx_word' id='word_1_118' title='bbox 1187 1034 1280 1070; x_wconf 82' lang='lat' dir='ltr'><strong><em>adeo</em></strong></span> <span class='ocrx_word' id='word_1_119' title='bbox 1303 1037 1516 1085; x_wconf 79' lang='lat' dir='ltr'><strong><em>adpositum</em></strong></span> 
     </span>
     <span class='ocr_line' id='line_1_13' title="bbox 104 1095 1512 1149; baseline 0.001 -16"><span class='ocrx_word' id='word_1_120' title='bbox 104 1095 252 1133; x_wconf 86' lang='lat' dir='ltr'><strong><em>videtur</em></strong></span> <span class='ocrx_word' id='word_1_121' title='bbox 276 1098 534 1143; x_wconf 70' lang='lat' dir='ltr'><strong><em>magistratum</em></strong></span> <span class='ocrx_word' id='word_1_122' title='bbox 556 1097 763 1131; x_wconf 85' lang='lat' dir='ltr'><strong><em>Romanum</em></strong></span> <span class='ocrx_word' id='word_1_123' title='bbox 788 1095 951 1147; x_wconf 82' lang='lat' dir='ltr'>aliquem</span> <span class='ocrx_word' id='word_1_124' title='bbox 971 1100 1154 1144; x_wconf 81' lang='lat' dir='ltr'><strong><em>cogitare,</em></strong></span> <span class='ocrx_word' id='word_1_125' title='bbox 1179 1099 1258 1149; x_wconf 82' lang='lat' dir='ltr'><strong><em>qui,</em></strong></span> <span class='ocrx_word' id='word_1_126' title='bbox 1282 1100 1512 1148; x_wconf 80' lang='lat' dir='ltr'><strong><em>provinciam</em></strong></span> 
     </span>
     <span class='ocr_line' id='line_1_14' title="bbox 106 1158 1514 1205; baseline 0.003 -12"><span class='ocrx_word' id='word_1_127' title='bbox 106 1160 270 1201; x_wconf 80' lang='lat' dir='ltr'><strong><em>sortitus,</em></strong></span> <span class='ocrx_word' id='word_1_128' title='bbox 294 1166 354 1193; x_wconf 87' lang='lat' dir='ltr'><strong><em>aut</em></strong></span> <span class='ocrx_word' id='word_1_129' title='bbox 376 1158 518 1205; x_wconf 83' lang='lat' dir='ltr'><strong><em>legatus</em></strong></span> <span class='ocrx_word' id='word_1_130' title='bbox 543 1172 587 1194; x_wconf 87' lang='lat' dir='ltr'><strong><em>eo</em></strong></span> <span class='ocrx_word' id='word_1_131' title='bbox 610 1160 759 1204; x_wconf 81' lang='lat' dir='ltr'><strong><em>missus,</em></strong></span> <span class='ocrx_word' id='word_1_132' title='bbox 776 1171 857 1194; x_wconf 87' lang='lat' dir='ltr'><strong><em>cum</em></strong></span> <span class='ocrx_word' id='word_1_133' title='bbox 883 1171 1077 1195; x_wconf 79' lang='lat' dir='ltr'><strong><em>numerosa</em></strong></span> <span class='ocrx_word' id='word_1_134' title='bbox 1100 1163 1276 1195; x_wconf 79' lang='lat' dir='ltr'><strong><em>comitum</em></strong></span> <span class='ocrx_word' id='word_1_135' title='bbox 1300 1169 1449 1196; x_wconf 80' lang='lat' dir='ltr'><strong><em>caterva</em></strong></span> <span class='ocrx_word' id='word_1_136' title='bbox 1467 1175 1514 1197; x_wconf 86' lang='lat' dir='ltr'><strong><em>eo</em></strong></span> 
     </span>
     <span class='ocr_line' id='line_1_15' title="bbox 106 1218 1508 1268; baseline 0.002 -16"><span class='ocrx_word' id='word_1_137' title='bbox 106 1218 430 1268; x_wconf 79' lang='lat' dir='ltr'><strong><em>proficiscitur(v.</em></strong></span> <span class='ocrx_word' id='word_1_138' title='bbox 454 1219 598 1255; x_wconf 66' lang='lat' dir='ltr'><strong><em>Tibutl.</em></strong></span> <span class='ocrx_word' id='word_1_139' title='bbox 635 1220 665 1257; x_wconf 86' lang='grc' dir='ltr'><strong><em>Ι.</em></strong></span> <span class='ocrx_word' id='word_1_140' title='bbox 694 1231 729 1263; x_wconf 80' lang='grc'><strong><em>3.</em></strong></span> <span class='ocrx_word' id='word_1_141' title='bbox 758 1222 808 1257; x_wconf 81' lang='lat' dir='ltr'><strong><em>in.</em></strong></span> <span class='ocrx_word' id='word_1_142' title='bbox 844 1218 984 1258; x_wconf 72' lang='lat' dir='ltr'><strong><em>Catuli.</em></strong></span> <span class='ocrx_word' id='word_1_143' title='bbox 1013 1221 1059 1256; x_wconf 84' lang='lat' dir='ltr'><strong><em>X·</em></strong></span> <span class='ocrx_word' id='word_1_144' title='bbox 1092 1221 1242 1257; x_wconf 70' lang='lat' dir='ltr'>XXVII,</span> <span class='ocrx_word' id='word_1_145' title='bbox 1272 1230 1307 1257; x_wconf 82' lang='lat' dir='ltr'><strong><em>et</em></strong></span> <span class='ocrx_word' id='word_1_146' title='bbox 1327 1222 1425 1257; x_wconf 83' lang='lat' dir='ltr'><strong>XVI.</strong></span> <span class='ocrx_word' id='word_1_147' title='bbox 1457 1226 1508 1266; x_wconf 79' lang='grc'><strong><em>9.)</em></strong></span> 
     </span>
     <span class='ocr_line' id='line_1_16' title="bbox 106 1281 1519 1333; baseline 0.002 -17"><span class='ocrx_word' id='word_1_148' title='bbox 106 1281 166 1316; x_wconf 87' lang='lat' dir='ltr'><strong><em>vel</em></strong></span> <span class='ocrx_word' id='word_1_149' title='bbox 188 1283 337 1316; x_wconf 84' lang='lat' dir='ltr'><strong><em>omnino</em></strong></span> <span class='ocrx_word' id='word_1_150' title='bbox 364 1282 519 1317; x_wconf 84' lang='lat' dir='ltr'><strong><em>divitem</em></strong></span> <span class='ocrx_word' id='word_1_151' title='bbox 541 1282 759 1324; x_wconf 81' lang='lat' dir='ltr'><strong><em>Romanum,</em></strong></span> <span class='ocrx_word' id='word_1_152' title='bbox 785 1284 821 1316; x_wconf 89' lang='lat' dir='ltr'><strong><em>in</em></strong></span> <span class='ocrx_word' id='word_1_153' title='bbox 846 1296 977 1331; x_wconf 79' lang='lat' dir='ltr'><strong><em>magno</em></strong></span> <span class='ocrx_word' id='word_1_154' title='bbox 998 1284 1250 1319; x_wconf 86' lang='lat' dir='ltr'><strong><em>comitantium</em></strong></span> <span class='ocrx_word' id='word_1_155' title='bbox 1271 1285 1428 1333; x_wconf 82' lang='lat' dir='ltr'><strong><em>strepitu</em></strong></span> <span class='ocrx_word' id='word_1_156' title='bbox 1450 1285 1519 1320; x_wconf 86' lang='lat' dir='ltr'><strong><em>vil-</em></strong></span> 
     </span>
     <span class='ocr_line' id='line_1_17' title="bbox 107 1341 1517 1395; baseline 0.003 -19"><span class='ocrx_word' id='word_1_157' title='bbox 107 1341 180 1377; x_wconf 82' lang='lat' dir='ltr'><strong><em>lam</em></strong></span> <span class='ocrx_word' id='word_1_158' title='bbox 209 1352 268 1378; x_wconf 82' lang='lat' dir='ltr'><strong><em>aut</em></strong></span> <span class='ocrx_word' id='word_1_159' title='bbox 288 1342 397 1378; x_wconf 79' lang='lat' dir='ltr'><strong><em>aliam</em></strong></span> <span class='ocrx_word' id='word_1_160' title='bbox 425 1346 614 1389; x_wconf 75' lang='lat' dir='ltr'>regionem</span> <span class='ocrx_word' id='word_1_161' title='bbox 636 1351 838 1393; x_wconf 84' lang='lat' dir='ltr'><strong><em>petentem.</em></strong></span> <span class='ocrx_word' id='word_1_162' title='bbox 876 1345 972 1380; x_wconf 86' lang='lat' dir='ltr'><strong>Huic</strong></span> <span class='ocrx_word' id='word_1_163' title='bbox 1007 1346 1104 1380; x_wconf 86' lang='lat' dir='ltr'><strong><em>enim</em></strong></span> <span class='ocrx_word' id='word_1_164' title='bbox 1130 1353 1278 1395; x_wconf 83' lang='lat' dir='ltr'><strong><em>praesto</em></strong></span> <span class='ocrx_word' id='word_1_165' title='bbox 1311 1353 1413 1380; x_wconf 86' lang='lat' dir='ltr'><strong><em>erant</em></strong></span> <span class='ocrx_word' id='word_1_166' title='bbox 1437 1343 1517 1394; x_wconf 83' lang='lat' dir='ltr'><strong>plu·</strong></span> 
     </span>
     <span class='ocr_line' id='line_1_18' title="bbox 107 1403 1518 1454; baseline 0.002 -15"><span class='ocrx_word' id='word_1_167' title='bbox 107 1416 167 1439; x_wconf 81' lang='lat' dir='ltr'><strong><em>res</em></strong></span> <span class='ocrx_word' id='word_1_168' title='bbox 192 1405 349 1440; x_wconf 79' lang='lat' dir='ltr'>comites</span> <span class='ocrx_word' id='word_1_169' title='bbox 368 1431 376 1445; x_wconf 90' lang='lat'><em>,</em></span> <span class='ocrx_word' id='word_1_170' title='bbox 399 1404 525 1454; x_wconf 71' lang='lat' dir='ltr'><strong><em>plures</em></strong></span> <span class='ocrx_word' id='word_1_171' title='bbox 550 1404 702 1447; x_wconf 78' lang='lat' dir='ltr'>caballi,</span> <span class='ocrx_word' id='word_1_172' title='bbox 722 1403 874 1446; x_wconf 82' lang='lat' dir='ltr'><strong><em>manni,</em></strong></span> <span class='ocrx_word' id='word_1_173' title='bbox 906 1411 1151 1449; x_wconf 79' lang='lat' dir='ltr'><strong><em>asturcones,</em></strong></span> <span class='ocrx_word' id='word_1_174' title='bbox 1177 1405 1359 1441; x_wconf 80' lang='lat' dir='ltr'><strong><em>tolutarii</em></strong></span> <span class='ocrx_word' id='word_1_175' title='bbox 1385 1406 1518 1448; x_wconf 75' lang='lat' dir='ltr'><strong><em>(Sene-</em></strong></span> 
     </span>
     <span class='ocr_line' id='line_1_19' title="bbox 111 1465 1551 1514; baseline 0.002 -13"><span class='ocrx_word' id='word_1_176' title='bbox 111 1479 156 1501; x_wconf 87' lang='lat' dir='ltr'><strong><em>ca</em></strong></span> <span class='ocrx_word' id='word_1_177' title='bbox 185 1479 245 1514; x_wconf 83' lang='lat' dir='ltr'><strong><em>ep.</em></strong></span> <span class='ocrx_word' id='word_1_178' title='bbox 268 1465 505 1510; x_wconf 78' lang='lat' dir='ltr'><strong>LXXXVII.)</strong></span> <span class='ocrx_word' id='word_1_179' title='bbox 535 1468 667 1504; x_wconf 79' lang='lat' dir='ltr'><strong><em>Noster</em></strong></span> <span class='ocrx_word' id='word_1_180' title='bbox 695 1465 814 1503; x_wconf 87' lang='lat' dir='ltr'><strong><em>Serm.</em></strong></span> <span class='ocrx_word' id='word_1_181' title='bbox 839 1468 868 1502; x_wconf 91' lang='lat'><strong><em>1.</em></strong></span> <span class='ocrx_word' id='word_1_182' title='bbox 893 1468 928 1504; x_wconf 92' lang='grc'><strong><em>6.</em></strong></span> <span class='ocrx_word' id='word_1_183' title='bbox 954 1478 1033 1504; x_wconf 83' lang='grc'><strong>101.</strong></span> <span class='ocrx_word' id='word_1_184' title='bbox 1055 1467 1251 1503; x_wconf 82' lang='lat' dir='ltr'><strong><em>ducendus</em></strong></span> <span class='ocrx_word' id='word_1_185' title='bbox 1270 1474 1308 1502; x_wconf 83' lang='lat' dir='ltr'><strong><em>et</em></strong></span> <span class='ocrx_word' id='word_1_186' title='bbox 1341 1479 1440 1503; x_wconf 81' lang='lat' dir='ltr'><em>unus</em></span> <span class='ocrx_word' id='word_1_187' title='bbox 1475 1475 1514 1504; x_wconf 84' lang='lat' dir='ltr'><strong><em>et</em></strong></span> <span class='ocrx_word' id='word_1_188' title='bbox 1546 1506 1551 1511; x_wconf 65' lang='grc'>,</span> 
     </span>
     <span class='ocr_line' id='line_1_20' title="bbox 106 1527 1514 1578; baseline 0.002 -16"><span class='ocrx_word' id='word_1_189' title='bbox 106 1538 232 1562; x_wconf 85' lang='lat' dir='ltr'><strong><em>comes</em></strong></span> <span class='ocrx_word' id='word_1_190' title='bbox 257 1527 370 1570; x_wconf 82' lang='lat' dir='ltr'><strong><em>alter,</em></strong></span> <span class='ocrx_word' id='word_1_191' title='bbox 393 1527 453 1561; x_wconf 83' lang='lat' dir='ltr'><strong><em>uti</em></strong></span> <span class='ocrx_word' id='word_1_192' title='bbox 483 1541 530 1562; x_wconf 82' lang='lat' dir='ltr'><strong><em>ne</em></strong></span> <span class='ocrx_word' id='word_1_193' title='bbox 553 1530 658 1564; x_wconf 78' lang='lat' dir='ltr'><em>solus</em></span> <span class='ocrx_word' id='word_1_194' title='bbox 676 1540 786 1564; x_wconf 86' lang='lat' dir='ltr'><strong><em>rusve</em></strong></span> <span class='ocrx_word' id='word_1_195' title='bbox 804 1542 1009 1578; x_wconf 77' lang='lat' dir='ltr'><strong><em>peregreve</em></strong></span> <span class='ocrx_word' id='word_1_196' title='bbox 1036 1531 1211 1571; x_wconf 72' lang='lat' dir='ltr'><strong><em>eoeirem3</em></strong></span> <span class='ocrx_word' id='word_1_197' title='bbox 1242 1530 1376 1577; x_wconf 75' lang='lat' dir='ltr'><strong><em>plures</em></strong></span> <span class='ocrx_word' id='word_1_198' title='bbox 1408 1531 1514 1565; x_wconf 82' lang='lat' dir='ltr'><strong><em>calo-</em></strong></span> 
     </span>
     <span class='ocr_line' id='line_1_21' title="bbox 103 1587 1513 1641; baseline 0.001 -18"><span class='ocrx_word' id='word_1_199' title='bbox 103 1600 170 1624; x_wconf 85' lang='lat' dir='ltr'><strong><em>nes</em></strong></span> <span class='ocrx_word' id='word_1_200' title='bbox 191 1593 306 1636; x_wconf 81' lang='lat' dir='ltr'><strong><em>atque</em></strong></span> <span class='ocrx_word' id='word_1_201' title='bbox 331 1587 679 1631; x_wconf 77' lang='lat' dir='ltr'><strong><em>caballipascendi.</em></strong></span> <span class='ocrx_word' id='word_1_202' title='bbox 704 1591 853 1641; x_wconf 79' lang='lat' dir='ltr'>Spectat</span> <span class='ocrx_word' id='word_1_203' title='bbox 881 1592 950 1627; x_wconf 83' lang='lat' dir='ltr'><strong><em>huc</em></strong></span> <span class='ocrx_word' id='word_1_204' title='bbox 975 1591 1126 1628; x_wconf 88' lang='lat' dir='ltr'><strong><em>Lucret.</em></strong></span> <span class='ocrx_word' id='word_1_205' title='bbox 1153 1591 1222 1625; x_wconf 86' lang='lat'>111.</span> <span class='ocrx_word' id='word_1_206' title='bbox 1250 1593 1357 1632; x_wconf 85' lang='lat'>1076.</span> <span class='ocrx_word' id='word_1_207' title='bbox 1384 1591 1513 1625; x_wconf 84' lang='lat' dir='ltr'><strong><em>Currit</em></strong></span> 
     </span>
     <span class='ocr_line' id='line_1_22' title="bbox 104 1649 1514 1699; baseline 0.001 -15"><span class='ocrx_word' id='word_1_208' title='bbox 104 1662 223 1697; x_wconf 72' lang='lat' dir='ltr'><strong><em>agens</em></strong></span> <span class='ocrx_word' id='word_1_209' title='bbox 246 1661 408 1683; x_wconf 83' lang='lat' dir='ltr'><strong><em>mannos</em></strong></span> <span class='ocrx_word' id='word_1_210' title='bbox 430 1649 483 1683; x_wconf 82' lang='lat' dir='ltr'><strong><em>ad</em></strong></span> <span class='ocrx_word' id='word_1_211' title='bbox 497 1650 632 1685; x_wconf 83' lang='lat' dir='ltr'><strong><em>villam</em></strong></span> <span class='ocrx_word' id='word_1_212' title='bbox 652 1650 715 1684; x_wconf 80' lang='lat' dir='ltr'><strong><em>hic</em></strong></span> <span class='ocrx_word' id='word_1_213' title='bbox 727 1650 1050 1697; x_wconf 78' lang='lat' dir='ltr'><strong><em>praecipitanter,</em></strong></span> <span class='ocrx_word' id='word_1_214' title='bbox 1067 1652 1266 1687; x_wconf 75' lang='lat' dir='ltr'><strong><em>auxilium</em></strong></span> <span class='ocrx_word' id='word_1_215' title='bbox 1291 1653 1404 1686; x_wconf 78' lang='lat' dir='ltr'><strong><em>tectis</em></strong></span> <span class='ocrx_word' id='word_1_216' title='bbox 1420 1665 1514 1699; x_wconf 86' lang='lat' dir='ltr'><em>qua-</em></span> 
     </span>
     <span class='ocr_line' id='line_1_23' title="bbox 103 1709 1512 1758; baseline -0.001 -13"><span class='ocrx_word' id='word_1_217' title='bbox 103 1712 264 1758; x_wconf 81' lang='lat' dir='ltr'><strong><em>siferre</em></strong></span> <span class='ocrx_word' id='word_1_218' title='bbox 287 1709 511 1745; x_wconf 78' lang='lat' dir='ltr'><strong><em>ardentibus</em></strong></span> <span class='ocrx_word' id='word_1_219' title='bbox 531 1711 706 1749; x_wconf 76' lang='lat' dir='ltr'><strong><em>instans,·</em></strong></span> <span class='ocrx_word' id='word_1_220' title='bbox 731 1713 871 1748; x_wconf 78' lang='lat' dir='ltr'><strong><em>oscitat</em></strong></span> <span class='ocrx_word' id='word_1_221' title='bbox 890 1713 1105 1758; x_wconf 75' lang='lat' dir='ltr'><strong><em>extemplo,</em></strong></span> <span class='ocrx_word' id='word_1_222' title='bbox 1129 1732 1176 1738; x_wconf 90' lang='lat'>—</span> <span class='ocrx_word' id='word_1_223' title='bbox 1195 1717 1264 1746; x_wconf 79' lang='lat' dir='ltr'><strong><em>aut</em></strong></span> <span class='ocrx_word' id='word_1_224' title='bbox 1290 1714 1408 1745; x_wconf 83' lang='lat' dir='ltr'><strong><em>etiam</em></strong></span> <span class='ocrx_word' id='word_1_225' title='bbox 1419 1723 1512 1757; x_wconf 86' lang='lat' dir='ltr'><strong><em>pro-</em></strong></span> 
     </span>
     <span class='ocr_line' id='line_1_24' title="bbox 101 1769 1515 1823; baseline 0.001 -17"><span class='ocrx_word' id='word_1_226' title='bbox 101 1783 243 1822; x_wconf 78' lang='lat' dir='ltr'><strong><em>perans</em></strong></span> <span class='ocrx_word' id='word_1_227' title='bbox 263 1769 395 1807; x_wconf 81' lang='lat' dir='ltr'><strong><em>urbem</em></strong></span> <span class='ocrx_word' id='word_1_228' title='bbox 412 1772 514 1817; x_wconf 81' lang='lat' dir='ltr'><strong><em>petit</em></strong></span> <span class='ocrx_word' id='word_1_229' title='bbox 537 1777 654 1818; x_wconf 81' lang='lat' dir='ltr'><strong><em>atque</em></strong></span> <span class='ocrx_word' id='word_1_230' title='bbox 679 1772 829 1807; x_wconf 63' lang='lat' dir='ltr'><strong><em>revixit.</em></strong></span> <span class='ocrx_word' id='word_1_231' title='bbox 852 1791 898 1799; x_wconf 93' lang='lat'>—</span> <span class='ocrx_word' id='word_1_232' title='bbox 921 1782 977 1814; x_wconf 82' lang='lat'><strong><em>23.</em></strong></span> <span class='ocrx_word' id='word_1_233' title='bbox 1003 1776 1146 1819; x_wconf 80' lang='lat' dir='ltr'><strong><em>agente</em></strong></span> <span class='ocrx_word' id='word_1_234' title='bbox 1170 1785 1260 1823; x_wconf 84' lang='lat' dir='ltr'><strong><em>prae</em></strong></span> <span class='ocrx_word' id='word_1_235' title='bbox 1292 1786 1346 1815; x_wconf 77' lang='lat' dir='ltr'><strong><em>se,</em></strong></span> <span class='ocrx_word' id='word_1_236' title='bbox 1375 1772 1515 1821; x_wconf 75' lang='lat' dir='ltr'><strong><em>dispel-</em></strong></span> 
     </span>
     <span class='ocr_line' id='line_1_25' title="bbox 104 1827 1511 1879; baseline -0.002 -9"><span class='ocrx_word' id='word_1_237' title='bbox 104 1836 221 1877; x_wconf 87' lang='lat' dir='ltr'><strong><em>lente,</em></strong></span> <span class='ocrx_word' id='word_1_238' title='bbox 242 1835 299 1869; x_wconf 82' lang='lat' dir='ltr'><strong><em>vel</em></strong></span> <span class='ocrx_word' id='word_1_239' title='bbox 322 1834 521 1876; x_wconf 81' lang='lat' dir='ltr'><strong><em>excitante,</em></strong></span> <span class='ocrx_word' id='word_1_240' title='bbox 540 1840 712 1879; x_wconf 82' lang='lat' dir='ltr'><strong><em>cogente.</em></strong></span> <span class='ocrx_word' id='word_1_241' title='bbox 742 1833 898 1870; x_wconf 81' lang='lat' dir='ltr'><strong><em>Homer.</em></strong></span> <span class='ocrx_word' id='word_1_242' title='bbox 920 1832 965 1868; x_wconf 87' lang='grc' dir='ltr'><strong><em>ΙΙ.</em></strong></span> <span class='ocrx_word' id='word_1_243' title='bbox 991 1847 1032 1877; x_wconf 88' lang='grc' dir='ltr'><strong><em>μ.</em></strong></span> <span class='ocrx_word' id='word_1_244' title='bbox 1055 1835 1133 1873; x_wconf 87' lang='grc'><strong>156.</strong></span> <span class='ocrx_word' id='word_1_245' title='bbox 1167 1833 1308 1878; x_wconf 65' lang='grc' dir='ltr'><strong><em>νιφάδες</em></strong></span> <span class='ocrx_word' id='word_1_246' title='bbox 1345 1854 1390 1860; x_wconf 92' lang='grc'><strong><em>--</em></strong></span> <span class='ocrx_word' id='word_1_247' title='bbox 1425 1827 1461 1866; x_wconf 73' lang='grc' dir='ltr'><strong><em>οἷς</em></strong></span> <span class='ocrx_word' id='word_1_248' title='bbox 1484 1830 1511 1867; x_wconf 83' lang='grc' dir='ltr'><strong><em>τ’</em></strong></span> 
     </span>
     <span class='ocr_line' id='line_1_26' title="bbox 111 1890 1514 1940; baseline -0.001 -12"><span class='ocrx_word' id='word_1_249' title='bbox 111 1890 235 1939; x_wconf 74' lang='grc' dir='ltr'><strong><em>ἄνεμος</em></strong></span> <span class='ocrx_word' id='word_1_250' title='bbox 259 1890 358 1937; x_wconf 64' lang='grc' dir='ltr'><em>ζαὴς,</em></span> <span class='ocrx_word' id='word_1_251' title='bbox 385 1905 400 1927; x_wconf 88' lang='grc' dir='ltr'><strong><em>ν</em></strong></span> <span class='ocrx_word' id='word_1_252' title='bbox 416 1890 430 1927; x_wconf 80' lang='grc' dir='ltr'><em>ἑ</em></span> <span class='ocrx_word' id='word_1_253' title='bbox 449 1901 475 1937; x_wconf 88' lang='grc' dir='ltr'><em>φ</em></span> <span class='ocrx_word' id='word_1_254' title='bbox 491 1906 505 1926; x_wconf 82' lang='grc' dir='ltr'><strong><em>ε</em></strong></span> <span class='ocrx_word' id='word_1_255' title='bbox 519 1907 540 1927; x_wconf 78' lang='grc' dir='ltr'><strong><em>οι</em></strong></span> <span class='ocrx_word' id='word_1_256' title='bbox 569 1906 638 1928; x_wconf 67' lang='lat' dir='ltr'><strong><em>ant</em></strong></span> <span class='ocrx_word' id='word_1_257' title='bbox 654 1899 699 1927; x_wconf 90' lang='grc' dir='ltr'>οέ</span> <span class='ocrx_word' id='word_1_258' title='bbox 712 1905 790 1929; x_wconf 66' lang='lat' dir='ltr'><strong><em>vra</em></strong></span> <span class='ocrx_word' id='word_1_259' title='bbox 815 1893 838 1928; x_wconf 77' lang='grc' dir='ltr'><strong>δ</strong></span> <span class='ocrx_word' id='word_1_260' title='bbox 855 1908 870 1926; x_wconf 86' lang='grc' dir='ltr'>ο</span> <span class='ocrx_word' id='word_1_261' title='bbox 885 1905 900 1927; x_wconf 85' lang='grc' dir='ltr'><em>ν</em></span> <span class='ocrx_word' id='word_1_262' title='bbox 916 1894 936 1936; x_wconf 82' lang='grc' dir='ltr'><strong><em>η’</em></strong></span> <span class='ocrx_word' id='word_1_263' title='bbox 950 1909 968 1928; x_wconf 91' lang='grc' dir='ltr'>σ</span> <span class='ocrx_word' id='word_1_264' title='bbox 981 1908 1002 1928; x_wconf 80' lang='grc' dir='ltr'><strong><em>οι</em></strong></span> <span class='ocrx_word' id='word_1_265' title='bbox 1017 1906 1045 1938; x_wconf 78' lang='grc' dir='ltr'><strong><em>ς,</em></strong></span> <span class='ocrx_word' id='word_1_266' title='bbox 1067 1894 1234 1940; x_wconf 76' lang='grc' dir='ltr'><strong><em>ταρφειοὶς</em></strong></span> <span class='ocrx_word' id='word_1_267' title='bbox 1255 1894 1440 1938; x_wconf 74' lang='grc' dir='ltr'><em>κατέχευεν</em></span> <span class='ocrx_word' id='word_1_268' title='bbox 1461 1892 1514 1927; x_wconf 68' lang='grc' dir='ltr'><strong><em>ἐπὶ</em></strong></span> 
     </span>
     <span class='ocr_line' id='line_1_27' title="bbox 107 1953 1514 2006; baseline 0.005 -21"><span class='ocrx_word' id='word_1_269' title='bbox 107 1955 226 2000; x_wconf 68' lang='grc' dir='ltr'><em>χθονὶ,</em></span> <span class='ocrx_word' id='word_1_270' title='bbox 250 1954 288 1990; x_wconf 85' lang='lat' dir='ltr'><strong><em>h.</em></strong></span> <span class='ocrx_word' id='word_1_271' title='bbox 312 1953 481 1988; x_wconf 78' lang='lat' dir='ltr'><strong><em>demissa</em></strong></span> <span class='ocrx_word' id='word_1_272' title='bbox 501 1959 710 1999; x_wconf 82' lang='lat' dir='ltr'><strong><em>tempestas</em></strong></span> <span class='ocrx_word' id='word_1_273' title='bbox 733 1954 779 1991; x_wconf 81' lang='lat' dir='ltr'><strong><em>ab</em></strong></span> <span class='ocrx_word' id='word_1_274' title='bbox 806 1955 924 2000; x_wconf 79' lang='lat' dir='ltr'><strong><em>Euro,</em></strong></span> <span class='ocrx_word' id='word_1_275' title='bbox 948 1964 985 1991; x_wconf 83' lang='lat' dir='ltr'><strong><em>ut</em></strong></span> <span class='ocrx_word' id='word_1_276' title='bbox 1011 1956 1139 1993; x_wconf 80' lang='lat' dir='ltr'><strong><em>Horat.</em></strong></span> <span class='ocrx_word' id='word_1_277' title='bbox 1164 1954 1235 1991; x_wconf 84' lang='lat'><em>111.</em></span> <span class='ocrx_word' id='word_1_278' title='bbox 1256 1967 1311 1998; x_wconf 85' lang='lat'><strong><em>¹7·</em></strong></span> <span class='ocrx_word' id='word_1_279' title='bbox 1335 1963 1392 1992; x_wconf 88' lang='lat'><strong><em>11.</em></strong></span> <span class='ocrx_word' id='word_1_280' title='bbox 1408 1969 1514 2006; x_wconf 85' lang='lat' dir='ltr'><strong><em>equo</em></strong></span> 
     </span>
     <span class='ocr_line' id='line_1_28' title="bbox 108 2014 1514 2067; baseline 0 -15"><span class='ocrx_word' id='word_1_281' title='bbox 108 2016 232 2059; x_wconf 72' lang='lat' dir='ltr'><strong><em>simul,</em></strong></span> <span class='ocrx_word' id='word_1_282' title='bbox 256 2023 295 2051; x_wconf 88' lang='lat' dir='ltr'><strong><em>ut</em></strong></span> <span class='ocrx_word' id='word_1_283' title='bbox 328 2014 420 2050; x_wconf 82' lang='lat' dir='ltr'><strong><em>alios</em></strong></span> <span class='ocrx_word' id='word_1_284' title='bbox 446 2016 607 2067; x_wconf 56' lang='lat' dir='ltr'><strong><em>mittanJ,</em></strong></span> <span class='ocrx_word' id='word_1_285' title='bbox 631 2015 799 2065; x_wconf 82' lang='lat' dir='ltr'><strong><em>adparet,</em></strong></span> <span class='ocrx_word' id='word_1_286' title='bbox 821 2017 955 2052; x_wconf 86' lang='lat' dir='ltr'><strong><em>Eurum</em></strong></span> <span class='ocrx_word' id='word_1_287' title='bbox 973 2019 1009 2051; x_wconf 89' lang='lat' dir='ltr'><strong><em>in</em></strong></span> <span class='ocrx_word' id='word_1_288' title='bbox 1025 2017 1098 2053; x_wconf 82' lang='lat' dir='ltr'><strong><em>illis</em></strong></span> <span class='ocrx_word' id='word_1_289' title='bbox 1113 2014 1324 2063; x_wconf 81' lang='lat' dir='ltr'><strong><em>regionibns</em></strong></span> <span class='ocrx_word' id='word_1_290' title='bbox 1341 2015 1514 2052; x_wconf 83' lang='lat' dir='ltr'><strong><em>crebrum</em></strong></span> 
     </span>
     <span class='ocr_line' id='line_1_29' title="bbox 107 2070 1511 2128; baseline 0.002 -16"><span class='ocrx_word' id='word_1_291' title='bbox 107 2075 303 2128; x_wconf 77' lang='lat' dir='ltr'><strong><em>procellis,</em></strong></span> <span class='ocrx_word' id='word_1_292' title='bbox 328 2076 573 2126; x_wconf 78' lang='lat' dir='ltr'><strong><em>posteriorem</em></strong></span> <span class='ocrx_word' id='word_1_293' title='bbox 596 2075 690 2111; x_wconf 81' lang='lat' dir='ltr'><strong><em>adeo</em></strong></span> <span class='ocrx_word' id='word_1_294' title='bbox 720 2070 900 2113; x_wconf 77' lang='lat' dir='ltr'><strong><em>rationem</em></strong></span> <span class='ocrx_word' id='word_1_295' title='bbox 936 2078 1052 2127; x_wconf 81' lang='lat' dir='ltr'><strong><em>priori</em></strong></span> <span class='ocrx_word' id='word_1_296' title='bbox 1088 2076 1371 2128; x_wconf 80' lang='lat' dir='ltr'><strong><em>praeferendam</em></strong></span> <span class='ocrx_word' id='word_1_297' title='bbox 1403 2090 1511 2124; x_wconf 77' lang='lat' dir='ltr'><strong><em>esse3</em></strong></span> 
     </span>
     <span class='ocr_line' id='line_1_30' title="bbox 107 2137 907 2175; baseline 0 0"><span class='ocrx_word' id='word_1_298' title='bbox 107 2141 178 2175; x_wconf 84' lang='lat' dir='ltr'><strong><em>etsi</em></strong></span> <span class='ocrx_word' id='word_1_299' title='bbox 203 2138 406 2174; x_wconf 78' lang='lat' dir='ltr'><strong><em>celeritatis</em></strong></span> <span class='ocrx_word' id='word_1_300' title='bbox 430 2139 534 2174; x_wconf 82' lang='lat' dir='ltr'><strong><em>notio</em></strong></span> <span class='ocrx_word' id='word_1_301' title='bbox 561 2138 716 2174; x_wconf 83' lang='lat' dir='ltr'><strong><em>alteram</em></strong></span> <span class='ocrx_word' id='word_1_302' title='bbox 741 2137 907 2175; x_wconf 75' lang='lat' dir='ltr'><strong><em>suadeat.</em></strong></span> 
     </span>
    </p>

    <p class='ocr_par' dir='ltr' id='par_1_2' title="bbox 106 2199 1515 2746">
     <span class='ocr_line' id='line_1_31' title="bbox 203 2199 1513 2250; baseline 0.004 -18"><span class='ocrx_word' id='word_1_303' title='bbox 203 2212 235 2233; x_wconf 90' lang='lat' dir='ltr'><strong><em>v.</em></strong></span> <span class='ocrx_word' id='word_1_304' title='bbox 263 2210 308 2245; x_wconf 75' lang='lat'><strong><em>25</em></strong></span> <span class='ocrx_word' id='word_1_305' title='bbox 331 2218 375 2224; x_wconf 91' lang='lat'><strong><em>—-</em></strong></span> <span class='ocrx_word' id='word_1_306' title='bbox 397 2208 456 2240; x_wconf 85' lang='lat'><strong><em>27.</em></strong></span> <span class='ocrx_word' id='word_1_307' title='bbox 483 2201 637 2234; x_wconf 81' lang='lat' dir='ltr'><strong><em>Animus</em></strong></span> <span class='ocrx_word' id='word_1_308' title='bbox 670 2199 717 2235; x_wconf 81' lang='lat' dir='ltr'><strong><em>ab</em></strong></span> <span class='ocrx_word' id='word_1_309' title='bbox 739 2202 837 2236; x_wconf 88' lang='lat' dir='ltr'><strong><em>omni</em></strong></span> <span class='ocrx_word' id='word_1_310' title='bbox 863 2199 1067 2250; x_wconf 83' lang='lat' dir='ltr'><strong><em>cupiditate</em></strong></span> <span class='ocrx_word' id='word_1_311' title='bbox 1098 2199 1196 2237; x_wconf 80' lang='lat' dir='ltr'><strong><em>iiber</em></strong></span> <span class='ocrx_word' id='word_1_312' title='bbox 1230 2214 1274 2238; x_wconf 84' lang='lat' dir='ltr'><strong><em>ac</em></strong></span> <span class='ocrx_word' id='word_1_313' title='bbox 1310 2201 1438 2237; x_wconf 84' lang='lat' dir='ltr'><strong><em>laetus</em></strong></span> <span class='ocrx_word' id='word_1_314' title='bbox 1470 2203 1513 2237; x_wconf 82' lang='lat' dir='ltr'><strong><em>in</em></strong></span> 
     </span>
     <span class='ocr_line' id='line_1_32' title="bbox 106 2261 1510 2313; baseline 0.004 -17"><span class='ocrx_word' id='word_1_315' title='bbox 106 2272 302 2310; x_wconf 83' lang='lat' dir='ltr'><strong><em>praesens,</em></strong></span> <span class='ocrx_word' id='word_1_316' title='bbox 328 2262 530 2311; x_wconf 83' lang='lat' dir='ltr'><strong><em>praesenti,</em></strong></span> <span class='ocrx_word' id='word_1_317' title='bbox 551 2261 653 2313; x_wconf 69' lang='lat' dir='ltr'><strong><em>quod</em></strong></span> <span class='ocrx_word' id='word_1_318' title='bbox 668 2261 864 2298; x_wconf 86' lang='lat' dir='ltr'><strong><em>vivendum</em></strong></span> <span class='ocrx_word' id='word_1_319' title='bbox 886 2262 1006 2306; x_wconf 88' lang='lat' dir='ltr'><strong><em>datur,</em></strong></span> <span class='ocrx_word' id='word_1_320' title='bbox 1023 2271 1185 2313; x_wconf 80' lang='lat' dir='ltr'><strong><em>tempore</em></strong></span> <span class='ocrx_word' id='word_1_321' title='bbox 1201 2263 1370 2300; x_wconf 83' lang='lat' dir='ltr'><strong><em>hilariter</em></strong></span> <span class='ocrx_word' id='word_1_322' title='bbox 1385 2264 1510 2302; x_wconf 77' lang='lat' dir='ltr'><strong><em>fruens</em></strong></span> 
     </span>
     <span class='ocr_line' id='line_1_33' title="bbox 109 2323 1513 2377; baseline 0.001 -17"><span class='ocrx_word' id='word_1_323' title='bbox 109 2324 234 2360; x_wconf 74' lang='lat' dir='ltr'><strong><em>oderit</em></strong></span> <span class='ocrx_word' id='word_1_324' title='bbox 258 2333 393 2356; x_wconf 82' lang='lat' dir='ltr'><strong><em>curare</em></strong></span> <span class='ocrx_word' id='word_1_325' title='bbox 413 2337 458 2359; x_wconf 87' lang='lat' dir='ltr'><strong><em>ne</em></strong></span> <span class='ocrx_word' id='word_1_326' title='bbox 493 2330 596 2359; x_wconf 86' lang='lat' dir='ltr'><strong><em>curet</em></strong></span> <span class='ocrx_word' id='word_1_327' title='bbox 636 2323 737 2370; x_wconf 88' lang='lat' dir='ltr'><strong><em>quod</em></strong></span> <span class='ocrx_word' id='word_1_328' title='bbox 764 2323 868 2359; x_wconf 80' lang='lat' dir='ltr'><strong><em>ultra</em></strong></span> <span class='ocrx_word' id='word_1_329' title='bbox 891 2330 962 2367; x_wconf 79' lang='lat' dir='ltr'><strong><em>est,</em></strong></span> <span class='ocrx_word' id='word_1_330' title='bbox 990 2325 1036 2359; x_wconf 79' lang='grc' dir='ltr'><strong><em>τοὶ</em></strong></span> <span class='ocrx_word' id='word_1_331' title='bbox 1059 2325 1173 2373; x_wconf 70' lang='grc' dir='ltr'><strong><em>πόρῤω</em></strong></span> <span class='ocrx_word' id='word_1_332' title='bbox 1199 2325 1270 2372; x_wconf 84' lang='lat' dir='ltr'><strong><em>(uti</em></strong></span> <span class='ocrx_word' id='word_1_333' title='bbox 1293 2339 1405 2377; x_wconf 82' lang='lat' dir='ltr'><strong><em>saepe</em></strong></span> <span class='ocrx_word' id='word_1_334' title='bbox 1429 2327 1513 2363; x_wconf 85' lang='lat' dir='ltr'><strong><em>Pin-</em></strong></span> 
     </span>
     <span class='ocr_line' id='line_1_34' title="bbox 113 2384 1509 2436; baseline 0.001 -14"><span class='ocrx_word' id='word_1_335' title='bbox 113 2386 242 2431; x_wconf 77' lang='lat' dir='ltr'><strong><em>darus)</em></strong></span> <span class='ocrx_word' id='word_1_336' title='bbox 266 2398 358 2436; x_wconf 87' lang='lat' dir='ltr'><strong><em>quae</em></strong></span> <span class='ocrx_word' id='word_1_337' title='bbox 393 2384 555 2421; x_wconf 86' lang='lat' dir='ltr'><strong><em>nondum</em></strong></span> <span class='ocrx_word' id='word_1_338' title='bbox 578 2387 782 2434; x_wconf 77' lang='lat' dir='ltr'><strong><em>attigimus,</em></strong></span> <span class='ocrx_word' id='word_1_339' title='bbox 810 2401 855 2423; x_wconf 89' lang='lat' dir='ltr'><strong><em>ne</em></strong></span> <span class='ocrx_word' id='word_1_340' title='bbox 877 2386 1059 2423; x_wconf 69' lang='lat' dir='ltr'><strong><em>nollicitus</em></strong></span> <span class='ocrx_word' id='word_1_341' title='bbox 1085 2390 1130 2423; x_wconf 80' lang='lat' dir='ltr'><strong><em>sit</em></strong></span> <span class='ocrx_word' id='word_1_342' title='bbox 1155 2386 1200 2423; x_wconf 85' lang='lat' dir='ltr'><strong><em>de</em></strong></span> <span class='ocrx_word' id='word_1_343' title='bbox 1228 2388 1365 2427; x_wconf 85' lang='lat' dir='ltr'><strong><em>futuro.</em></strong></span> <span class='ocrx_word' id='word_1_344' title='bbox 1388 2389 1509 2424; x_wconf 80' lang='lat' dir='ltr'><strong><em>Verae</em></strong></span> 
     </span>
     <span class='ocr_line' id='line_1_35' title="bbox 106 2447 1510 2499; baseline -0.001 -14"><span class='ocrx_word' id='word_1_345' title='bbox 106 2449 179 2485; x_wconf 82' lang='lat' dir='ltr'><strong><em>hoc</em></strong></span> <span class='ocrx_word' id='word_1_346' title='bbox 199 2447 479 2499; x_wconf 80' lang='lat' dir='ltr'><strong><em>tranquillitatis</em></strong></span> <span class='ocrx_word' id='word_1_347' title='bbox 507 2447 785 2484; x_wconf 84' lang='lat' dir='ltr'><strong><em>fundamentum</em></strong></span> <span class='ocrx_word' id='word_1_348' title='bbox 819 2450 964 2499; x_wconf 75' lang='lat' dir='ltr'><strong><em>saepius</em></strong></span> <span class='ocrx_word' id='word_1_349' title='bbox 1000 2448 1046 2484; x_wconf 84' lang='lat' dir='ltr'><strong><em>ab</em></strong></span> <span class='ocrx_word' id='word_1_350' title='bbox 1071 2449 1227 2486; x_wconf 83' lang='lat' dir='ltr'><strong><em>Horatio</em></strong></span> <span class='ocrx_word' id='word_1_351' title='bbox 1263 2449 1510 2491; x_wconf 84' lang='lat' dir='ltr'><strong><em>inculcatum;</em></strong></span> 
     </span>
     <span class='ocr_line' id='line_1_36' title="bbox 111 2506 1510 2557; baseline -0.002 -11"><span class='ocrx_word' id='word_1_352' title='bbox 111 2508 226 2546; x_wconf 80' lang='lat' dir='ltr'><strong><em>veluti</em></strong></span> <span class='ocrx_word' id='word_1_353' title='bbox 252 2509 281 2543; x_wconf 89' lang='grc' dir='ltr'><strong><em>Ι.</em></strong></span> <span class='ocrx_word' id='word_1_354' title='bbox 301 2516 337 2552; x_wconf 83' lang='grc'><strong><em>9.</em></strong></span> <span class='ocrx_word' id='word_1_355' title='bbox 368 2518 424 2550; x_wconf 85' lang='lat'><strong><em>13.</em></strong></span> <span class='ocrx_word' id='word_1_356' title='bbox 453 2506 521 2545; x_wconf 82' lang='grc' dir='ltr'><strong>ΙΙΙ,</strong></span> <span class='ocrx_word' id='word_1_357' title='bbox 548 2515 606 2551; x_wconf 74' lang='grc'><strong><em>29.</em></strong></span> <span class='ocrx_word' id='word_1_358' title='bbox 635 2517 690 2552; x_wconf 80' lang='grc'><strong><em>52.</em></strong></span> <span class='ocrx_word' id='word_1_359' title='bbox 720 2508 826 2555; x_wconf 82' lang='lat' dir='ltr'><strong><em>quod</em></strong></span> <span class='ocrx_word' id='word_1_360' title='bbox 841 2509 1182 2550; x_wconf 76' lang='lat' dir='ltr'><strong><em>adest,memento</em></strong></span> <span class='ocrx_word' id='word_1_361' title='bbox 1203 2521 1429 2557; x_wconf 84' lang='lat' dir='ltr'><strong><em>componere</em></strong></span> <span class='ocrx_word' id='word_1_362' title='bbox 1449 2522 1510 2544; x_wconf 83' lang='lat' dir='ltr'><strong><em>ae-</em></strong></span> 
     </span>
     <span class='ocr_line' id='line_1_37' title="bbox 115 2569 1515 2618; baseline -0.001 -13"><span class='ocrx_word' id='word_1_363' title='bbox 115 2582 226 2618; x_wconf 70' lang='lat' dir='ltr'><em>quus,</em></span> <span class='ocrx_word' id='word_1_364' title='bbox 253 2571 322 2606; x_wconf 86' lang='lat'>111.</span> <span class='ocrx_word' id='word_1_365' title='bbox 345 2574 378 2609; x_wconf 83' lang='lat'><strong><em>8.</em></strong></span> <span class='ocrx_word' id='word_1_366' title='bbox 401 2580 459 2615; x_wconf 76' lang='lat'><strong><em>²7·</em></strong></span> <span class='ocrx_word' id='word_1_367' title='bbox 485 2570 585 2604; x_wconf 84' lang='lat' dir='ltr'><strong><em>dona</em></strong></span> <span class='ocrx_word' id='word_1_368' title='bbox 600 2569 818 2617; x_wconf 81' lang='lat' dir='ltr'><strong><em>praesentis</em></strong></span> <span class='ocrx_word' id='word_1_369' title='bbox 840 2581 935 2617; x_wconf 80' lang='lat' dir='ltr'><strong><em>cape</em></strong></span> <span class='ocrx_word' id='word_1_370' title='bbox 961 2572 1088 2607; x_wconf 84' lang='lat' dir='ltr'><strong><em>laetus</em></strong></span> <span class='ocrx_word' id='word_1_371' title='bbox 1108 2572 1224 2606; x_wconf 79' lang='lat' dir='ltr'><strong><em>horae</em></strong></span> <span class='ocrx_word' id='word_1_372' title='bbox 1246 2576 1284 2606; x_wconf 89' lang='lat' dir='ltr'><strong><em>et</em></strong></span> <span class='ocrx_word' id='word_1_373' title='bbox 1309 2571 1440 2618; x_wconf 84' lang='lat' dir='ltr'><strong><em>linque</em></strong></span> <span class='ocrx_word' id='word_1_374' title='bbox 1459 2580 1515 2604; x_wconf 80' lang='lat' dir='ltr'><strong><em>se-</em></strong></span> 
     </span>
     <span class='ocr_line' id='line_1_38' title="bbox 118 2631 1515 2682; baseline 0 -14"><span class='ocrx_word' id='word_1_375' title='bbox 118 2644 207 2668; x_wconf 83' lang='lat' dir='ltr'><strong><em>vera</em></strong></span> <span class='ocrx_word' id='word_1_376' title='bbox 231 2640 266 2668; x_wconf 88' lang='lat' dir='ltr'><strong><em>et</em></strong></span> <span class='ocrx_word' id='word_1_377' title='bbox 291 2631 395 2668; x_wconf 86' lang='lat' dir='ltr'><strong><em>alibi.</em></strong></span> <span class='ocrx_word' id='word_1_378' title='bbox 417 2650 462 2660; x_wconf 92' lang='lat'><em>-</em></span> <span class='ocrx_word' id='word_1_379' title='bbox 487 2633 545 2668; x_wconf 83' lang='lat'><strong><em>26.</em></strong></span> <span class='ocrx_word' id='word_1_380' title='bbox 569 2643 717 2675; x_wconf 72' lang='lat' dir='ltr'><strong><em>amaru,</em></strong></span> <span class='ocrx_word' id='word_1_381' title='bbox 735 2633 781 2670; x_wconf 73' lang='grc' dir='ltr'><strong><em>τοὶ</em></strong></span> <span class='ocrx_word' id='word_1_382' title='bbox 805 2632 926 2678; x_wconf 69' lang='grc' dir='ltr'><strong><em>πικροὶ,</em></strong></span> <span class='ocrx_word' id='word_1_383' title='bbox 951 2633 1104 2677; x_wconf 84' lang='lat' dir='ltr'><strong><em>acerba,</em></strong></span> <span class='ocrx_word' id='word_1_384' title='bbox 1123 2634 1333 2682; x_wconf 77' lang='lat' dir='ltr'><strong><em>injur-unda,</em></strong></span> <span class='ocrx_word' id='word_1_385' title='bbox 1359 2632 1515 2668; x_wconf 75' lang='lat' dir='ltr'><strong><em>adversa</em></strong></span> 
     </span>
     <span class='ocr_line' id='line_1_39' title="bbox 117 2694 1513 2746; baseline -0.001 -15"><span class='ocrx_word' id='word_1_386' title='bbox 117 2697 257 2732; x_wconf 76' lang='lat' dir='ltr'><strong><em>animus</em></strong></span> <span class='ocrx_word' id='word_1_387' title='bbox 283 2697 484 2741; x_wconf 79' lang='lat' dir='ltr'><strong><em>temperet,</em></strong></span> <span class='ocrx_word' id='word_1_388' title='bbox 509 2696 743 2746; x_wconf 85' lang='lat' dir='ltr'><strong><em>comprimat,</em></strong></span> <span class='ocrx_word' id='word_1_389' title='bbox 765 2694 955 2743; x_wconf 79' lang='lat' dir='ltr'><strong><em>retundat,</em></strong></span> <span class='ocrx_word' id='word_1_390' title='bbox 982 2695 1194 2742; x_wconf 71' lang='lat' dir='ltr'><strong><em>levetrisu,</em></strong></span> <span class='ocrx_word' id='word_1_391' title='bbox 1218 2698 1268 2732; x_wconf 84' lang='lat' dir='ltr'><strong><em>ita</em></strong></span> <span class='ocrx_word' id='word_1_392' title='bbox 1290 2703 1330 2730; x_wconf 90' lang='lat' dir='ltr'><strong><em>ut</em></strong></span> <span class='ocrx_word' id='word_1_393' title='bbox 1355 2694 1513 2732; x_wconf 82' lang='lat' dir='ltr'><strong><em>frontem</em></strong></span> 
     </span>
    </p>
   </div>
  </div>
 </body>
</html>
