1790 3117
749 257 802 266 ..
893 245 945 285 33
1034 259 1087 268 „a

222 362 318 397 sios
349 360 436 397 est.
504 351 797 396 Membrana
836 351 990 395 adhuc
1027 349 1139 395 satis
1184 367 1331 404 nova,
1363 358 1596 397 atramen-

220 426 327 462 tum
356 417 552 480 nigrum
571 450 581 465 ,
605 419 719 461 licet
740 417 1023 479 pallescens.
1091 417 1226 479 Quae
1259 415 1438 470 omnia,
1465 434 1598 477 prae-

220 492 297 527 ter
323 483 493 527 ductus
521 483 877 537 characterum,
906 482 1130 527 codicem
1150 481 1417 526 admodum
1439 499 1600 528 recen-

220 556 321 593 tem
360 555 589 610 arguunt.
658 549 741 592 Est
778 548 860 591 ille
897 547 1050 592 literis
1106 547 1312 608 gothicis
1352 548 1600 610 eleganter

220 622 401 658 etcum
443 630 559 657 cura
610 614 835 674 scriptus.
903 612 1272 658 Vocabulorum
1311 614 1598 675 compendia

218 680 268 724 in
301 697 357 723 eo
383 679 613 739 plurima.
682 678 894 723 Initiales
916 679 1191 723 carminum
1227 679 1493 724 admodum
1521 680 1607 724 mi„

219 753 339 789 nuto
380 744 660 789 charactere
705 745 1040 806 designantur.
1109 744 1336 788 Continet
1379 744 1505 790 liber
1542 747 1604 789 IV

220 812 372 854 libros
405 810 646 864 Odarum,
673 811 858 855 librum
883 811 1171 871 Epodorum
1211 817 1258 854 et
1297 822 1604 855 carmense-

223 876 413 927 culare,
464 876 566 920 sine
610 877 855 921 librorum
903 876 1140 920 divisione
1184 883 1231 919 et
1281 875 1465 920 titulis:
1511 875 1606 919 nisi

220 942 352 1003 quod
387 941 515 986 inter
553 942 762 1005 singulas
796 942 909 986 odas
953 958 1049 985 una
1084 941 1213 986 linea
1248 957 1400 984 vacua
1436 941 1610 985 relicta

221 1015 317 1060 est,
349 1007 398 1050 in
419 1021 513 1067 qua
541 1007 696 1052 serior
738 1025 910 1052 manus
946 1007 1239 1068 quibusdam
1274 1007 1377 1050 odis
1406 1006 1609 1066 inscrip-

222 1073 407 1116 tionem
452 1073 642 1133 posuit3
693 1090 816 1134 quae
847 1081 894 1116 et
930 1072 1110 1116 omissa
1131 1090 1156 1116 a
1188 1072 1391 1116 librario
1418 1072 1609 1133 suppleo

220 1137 314 1191 vit,
351 1137 564 1197 vitiaque
595 1138 889 1181 emendavit.
941 1138 1198 1191 Lectiones
1228 1139 1479 1181 interdum
1513 1154 1609 1180 me-

218 1201 482 1246 morabiles
507 1202 678 1257 habet,
712 1210 764 1246 ut
801 1203 963 1246 Carm.
990 1203 1048 1246 ΙΙ.
1079 1210 1122 1254 4.
1157 1220 1230 1247 20.
1281 1202 1470 1246 Scholia
1495 1219 1609 1262 pauw

219 1266 413 1311 cissima
451 1275 577 1311 sunt.
1522 1292 1523 1295 =

352 1333 527 1377 Codex
551 1339 779 1392 quartus
802 1332 961 1393 (pulp.
998 1333 1034 1375 Ι.
1072 1350 1119 1376 n·
1153 1340 1280 1386 403,
1309 1332 1608 1378 chartaceus.

211 1405 269 1442 ‘fn
301 1404 343 1448 [μ
375 1397 485 1440 Fuit
504 1397 619 1441 olim
642 1430 654 1451 ,
690 1405 745 1440 ut
780 1399 922 1442 docet
947 1397 1192 1442 emblema
1219 1415 1244 1440 a
1270 1396 1431 1441 fronte
1460 1398 1610 1441 inser-

219 1471 354 1517 tum,
403 1464 477 1507 Jo.
525 1462 733 1507 Christo.
762 1463 1110 1524 Wagenseilii,
1164 1471 1210 1507 et
1258 1469 1444 1506 constat
1480 1461 1608 1506 soliis

218 1529 553 1583 LXXXVIII,
603 1545 815 1589 quorum
859 1529 926 1571 IV
966 1529 1129 1590 prima
1165 1544 1316 1572 vacua
1359 1535 1497 1582 sunt,
1542 1528 1607 1570 VI

218 1595 393 1638 ultima
425 1593 494 1638 nil
534 1601 732 1655 praeter
766 1610 922 1655 pauca
956 1594 1015 1638 cle
1042 1594 1213 1639 metris
1252 1594 1458 1638 odarum
1478 1625 1491 1647 ,
1514 1606 1516 1608 ·
1538 1609 1611 1637 ea⁴

218 1677 312 1720 que
349 1660 530 1704 nullius
557 1661 822 1715 momenti,
851 1660 1041 1722 paginis
1080 1677 1160 1704 sex
1187 1659 1433 1703 exhibent.
1461 1659 1606 1702 Foliis

217 1742 450 1769 numeros
486 1725 620 1768 dedit
642 1726 803 1786 prima
835 1743 1038 1780 manus,
1069 1741 1221 1786 usque
1251 1725 1311 1768 ad
1341 1722 1418 1770 55.
1455 1723 1631 1776 Mani-‚

215 1791 319 1850 puli
362 1798 572 1852 quatuor
606 1792 801 1851 priora,
839 1807 951 1835 cum
991 1791 1235 1852 septimo,
1277 1790 1459 1834 habent
1493 1789 1611 1834 solia

216 1856 265 1900 X
286 1889 298 1910 ‚
326 1857 521 1918 quintus
548 1857 677 1911 XII,
711 1864 870 1901 sextus
902 1857 1043 1910 XVI,
1072 1863 1267 1900 octavus
1300 1857 1379 1899 IV.
1451 1856 1509 1899 In
1534 1871 1610 1898 cu-

215 1920 387 1983 jusque
422 1921 522 1965 sine
552 1929 710 1966 custos
741 1930 829 1966 est.
900 1923 1215 1966 Characteres
1253 1920 1524 1965 admodum
1555 1919 1612 1962 si-

215 1987 355 2030 miles
391 1985 642 2030 hodiernis
673 1988 928 2031 Italorum.
995 1986 1296 2048 Compendia
1323 2002 1499 2030 vocum
1525 1984 1618 2029 val-

217 2052 276 2094 de
315 2052 471 2095 multa
509 2068 561 2095 ac
598 2052 852 2111 impedita.
924 2052 1103 2098 Omnia
1143 2052 1360 2114 produnt
1392 2051 1610 2095 codicem

218 2117 491 2160 admodum
536 2125 804 2161 recentem.
882 2120 1215 2163 'stramentum
1262 2117 1375 2161 satis
1410 2113 1609 2179 nigrum

217 2182 398 2238 adhuc,
442 2182 555 2226 licet
603 2182 990 2243 jam‘inclinans
1031 2183 1092 2228 ad
1117 2182 1450 2227 rubicundum
1489 2181 1611 2226 colo-

216 2265 339 2291 rem.
412 2249 510 2291 Nec
550 2247 687 2292 libris
729 2263 816 2291 nec
854 2250 958 2293 odis
998 2249 1194 2293 numeri
1229 2247 1354 2304 dati3
1397 2248 1612 2308 plerum-

216 2308 308 2374 que
347 2321 512 2357 tamen
552 2313 694 2357 unius
744 2313 901 2358 lineae
943 2315 1156 2374 spatium
1197 2313 1326 2357 inter
1373 2312 1456 2357 has
1502 2311 1610 2355 reli-

217 2385 368 2421 ctum.
441 2378 667 2424 Continet
708 2379 859 2422 codex
910 2379 1055 2433 odas,
1103 2379 1283 2439 epodos
1325 2384 1371 2421 et
1409 2393 1611 2421 carmen

218 2441 489 2501 seculare3'
519 2451 566 2487 et
612 2450 682 2487 est
712 2445 851 2488 valde
876 2445 1046 2489 vitiose
1076 2451 1330 2487 exaratus:
1368 2443 1514 2486 habet
1548 2449 1611 2486 ta-

217 2526 329 2552 men
374 2510 607 2553 lectiones
645 2510 899 2554 interdum
951 2510 1029 2554 vix
1068 2509 1183 2553 alibi
1227 2508 1424 2564 obvias3
1474 2523 1516 2550 e.
1562 2524 1607 2568 g.

217 2575 380 2618 Carm.
416 2577 452 2618 Ι.
487 2582 560 2627 14.
603 2577 677 2620 15.
752 2575 947 2619 Scholia
971 2575 1153 2636 passim
1190 2590 1346 2635 pauca
1379 2572 1575 2616 adsunt.

351 2643 561 2686 Codices
610 2634 1058 2702 Altorfim‘-dzzo,
1094 2641 1144 2685 in
1174 2637 1471 2683 bibliotheca
1508 2654 1612 2686 aea-

218 2704 439 2761 demica,
478 2723 692 2768 quorum
737 2705 1119 2768 descriptionem
1170 2711 1218 2750 et
1266 2703 1500 2748 lectiones
1537 2703 1605 2748 Cl.
