1779 3085
704 269 1075 312 ..711-

189 373 368 421 Designat
393 371 487 408 adeo
508 385 579 408 non
600 379 673 407 tam
690 371 813 407 luxum
833 371 1058 408 nobiliorum
1080 371 1326 406 Romanorum
1341 396 1350 413 ,
1387 371 1586 406 sumtuosis

191 435 250 471 his
270 433 603 471 substructionibus
624 433 814 484 proditum
832 463 841 478 ‚
869 448 975 482 quam
999 437 1162 469 insanam
1180 434 1340 483 ipsorum
1357 457 1366 475 ,
1402 432 1461 468 vel
1483 445 1587 468 mare

192 496 241 533 de
277 500 356 546 jure
383 510 447 532 suo
480 494 664 531 decedere
703 498 935 542 cogentium,
970 496 1171 532 avaritiam.
1209 493 1331 540 *Quod
1361 506 1430 529 nec
1454 495 1590 529 mirum

192 557 381 619 videbitur
415 558 471 599 ei,
525 557 611 607 qui,
657 569 766 607 quam
817 559 1000 608 spatiosae
1039 554 1248 591 istiusmodi
1283 555 1397 591 villae
1431 554 1590 595 suerint,

190 620 414 656 meminerit.
470 616 605 652 Talem
651 616 908 651 Tritum-itam
944 617 1125 653 describit
1167 616 1286 652 Rutil.
1315 616 1402 651 ltin.
1439 614 1470 649 I.
1505 621 1591 657 5²7·

193 682 249 717 sic
267 679 360 716 villa
385 682 543 713 vocatur
559 705 568 721 ‚
602 690 698 726 quae
717 678 819 719 jacet
838 679 1006 730 expulsis
1028 679 1147 715 insula
1162 690 1281 728 paene
1306 676 1421 712 fretis.
1473 675 1596 708 Nam.

190 753 264 790 que
295 752 412 775 manu
439 738 585 783 junctis
616 740 795 786 procedit
827 739 868 774 in
902 753 1068 788 aequora
1092 739 1231 776 saxis:
1269 736 1406 786 quique
1430 738 1593 772 domum

190 802 348 849 posuit,
382 798 558 835 condidit
584 805 675 835 ante
694 801 833 836 solum.
877 802 1006 854 Neque
1033 815 1120 838 vero
1144 803 1179 836 in
1205 801 1408 848 Campania
1428 807 1594 839 tant-um,

195 868 347 916 ejusque
378 863 640 898 amoenissima
673 863 846 911 Baiarum
877 876 944 900 ora
975 866 1182 907 maritima,
1218 864 1341 912 (Ppp.
1376 861 1404 896 Ι.
1436 873 1466 898 ι.
1501 859 1594 905 83.)

193 926 260 961 sed
289 933 326 963 et
348 923 398 960 ad
421 924 686 974 Thesprotiam
713 926 857 976 (Prop.
879 928 907 961 Ι.
935 937 992 964 1-1.
1015 937 1049 969 3.
1075 930 1135 969 4.)
1161 934 1198 962 et
1222 924 1313 960 alibi
1335 924 1428 959 tates
1451 924 1596 968 magni·

197 988 286 1023 sicae
329 987 579 1022 Romanorum
618 985 732 1022 villae
770 986 1108 1038 conspiciebantur.
1157 987 1216 1022 ct.
1247 986 1396 1022 omnino
1428 985 1596 1019 Gronov.

192 1050 313 1085 Diatr.
341 1048 434 1082 Stat.
455 1059 488 1082 c.
514 1045 683 1084 XXXIX.

288 1120 322 1141 v.
344 1109 401 1145 23·
417 1111 535 1146 —28.
557 1107 716 1156 Insurgit
739 1118 872 1159 poetae
895 1108 1047 1147 affectus
1075 1125 1157 1147 cum
1184 1113 1288 1161 ipsa,
1315 1121 1422 1160 quam
1444 1117 1597 1157 reprae-

195 1176 338 1210 sentat,
366 1170 419 1204 rei
450 1170 659 1205 atrocitate.
711 1169 777 1206 Est
808 1171 907 1207 haud
933 1171 1043 1208 dubie
1066 1180 1162 1208 totus
1187 1173 1249 1207 hic
1274 1173 1377 1207 locus
1399 1181 1443 1206 ex
1468 1168 1595 1205 elabo-

192 1232 391 1267 ratissimis
433 1231 707 1283 maximamque
745 1233 793 1268 ad
830 1236 991 1270 animum
1027 1235 1100 1270 vim
1137 1233 1249 1270 habet
1285 1247 1368 1269 cum
1401 1235 1495 1267 mira.
1529 1245 1594 1267 co-

193 1294 335 1337 lorum,
379 1291 512 1344 quibus
557 1294 924 1341 imaginemtdivitis
965 1298 1068 1331 avari
1114 1293 1166 1330 ad.
1195 1296 1315 1329 vivum
1352 1294 1463 1344 plane
1499 1292 1595 1328 deli,-

190 1365 298 1398 neat,
333 1357 512 1391 varietate
532 1367 575 1391 ac
594 1357 755 1392 veritate
770 1383 782 1401 ,
810 1364 887 1392 tum
909 1358 1008 1408 quod
1031 1371 1098 1393 nos
1119 1359 1254 1394 sensim
1276 1356 1594 1407 contemplatione

193 1422 273 1468 ejus
302 1409 418 1465 magis
448 1418 638 1468 magisque
668 1419 916 1462 commoveri,
953 1430 1169 1469 summoque
1205 1418 1357 1454 tandem
1395 1420 1473 1465 ejus
1505 1416 1593 1453 odio

191 1479 366 1519 incendi3
400 1491 444 1513 ac
465 1480 701 1516 miseratione
740 1491 890 1521 eorum,
926 1480 1058 1532 quibus
1097 1481 1162 1516 illa
1186 1482 1302 1531 pestis
1332 1479 1491 1521 incidit,
1525 1480 1595 1513 im-

190 1543 287 1594 pleri
312 1542 506 1578 sentimus.
557 1542 650 1587 Quis
671 1556 744 1577 non
765 1542 971 1579 detestatur
996 1542 1190 1592 ejusmodi.
1206 1551 1437 1584 monstrum,
1476 1539 1596 1592 quali-

191 1620 254 1640 um
280 1605 430 1657 quaevis
461 1611 584 1646 aetas,
628 1605 780 1656 quaevis
817 1606 921 1652 regio
955 1604 1184 1641 feracissima
1209 1612 1287 1646 est,
1323 1605 1406 1639 Diis
1434 1603 1596 1639 homini-

189 1666 331 1717 busque
354 1664 646 1704 invisissimum3
663 1686 709 1694 —-
749 1666 879 1713 Quid?
903 1667 1008 1714 quod
1026 1673 1099 1702 cet.
1150 1666 1210 1701 Tu
1228 1680 1302 1702 non
1327 1673 1468 1702 tantum
1499 1665 1596 1700 mati

192 1728 451 1772 detrahe-ndo,
476 1727 578 1780 quod
600 1741 689 1765 sane
713 1728 852 1780 absque
876 1721 1081 1776 cujuspiam
1109 1730 1243 1774 injuria
1267 1728 1362 1763 facis
1377 1753 1388 1770 ,
1415 1727 1596 1776 possessis-

192 1802 282 1827 ones
302 1799 382 1825 tuas
413 1788 572 1832 dilatas,
612 1788 681 1823 sed
702 1795 739 1822 et
762 1790 904 1823 vicinos
941 1800 1143 1837 pauperum
1180 1798 1290 1834 agros
1325 1787 1595 1824 scelestissima

138 1850 139 1853 '
190 1850 321 1887 fraude
351 1849 522 1892 invadis,
548 1859 725 1897 occupas.
774 1847 940 1881 Revela:
957 1873 972 1890 ,A
1005 1843 1279 1900 moves.(quod
1304 1851 1495 1899 proprium
1519 1848 1596 1882 hae

194 1911 240 1947 de
260 1924 299 1947 re
336 1908 502 1946 verbum.
534 1922 570 1943 v·
603 1906 784 1943 Gothofr.
819 1907 915 1943 adl.
944 1919 978 1944 ι.
1004 1909 1052 1944 D.
1088 1909 1135 1945 de
1166 1916 1270 1945 term.
1298 1913 1423 1954 moto)
1460 1906 1599 1945 effodis

188 1973 398 2020 proximos
418 1969 505 2017 agri
525 1968 711 2003 terminos
730 1970 981 2019 proximorum
1002 1980 1174 2016 agrorum
1195 1967 1340 2021 lapides
1360 1969 1597 2013 terminales,

193 2034 419 2086 effossosque
453 2033 610 2068 ulterius
642 2042 759 2078 usque
787 2031 934 2079 defigis,
978 2033 1121 2068 iteratis
1156 2045 1271 2084 usque
1299 2031 1446 2069 vicibus
1469 2033 1596 2077 termi-

191 2110 280 2134 num
301 2107 443 2131 moves.
493 2092 692 2129 Praeclare
714 2090 752 2124 τὰ
775 2092 953 2126 revellere
976 2093 1010 2129 vi
1033 2106 1076 2128 ac
1107 2092 1230 2143 palam
1258 2102 1482 2140 grassantem
1507 2105 1596 2130 eum

192 2157 370 2196 ostendit.
386 2175 436 2189 --
458 2154 552 2192 salis
571 2155 698 2198 ultra,
733 2154 1001 2202 transgrederis
1028 2155 1175 2189 limites
1198 2155 1424 2198 clientium,
1455 2163 1596 2206 quanto

196 2221 339 2267 gravius
362 2231 450 2268 pro:
489 2219 696 2254 tenuiorum
730 2228 839 2262 agros
873 2219 1016 2253 vicinos
1041 2230 1228 2267 occupas,
1270 2227 1395 2254 emoto
1420 2219 1593 2253 termino.

194 2283 450 2329 Exaggeratur
478 2281 576 2316 enim
611 2281 666 2315 sic
690 2278 843 2316 sceleris
875 2287 1023 2316 exarato
1060 2282 1219 2316 termino
1246 2281 1432 2316 commissi
1458 2280 1597 2314 atroci-

195 2352 276 2386 tus,
319 2341 419 2395 quod
448 2343 521 2376 isto
556 2340 690 2375 clienti
717 2353 740 2375 a
774 2349 929 2393 patrono
974 2340 1071 2377 fraus
1113 2343 1351 2386 innectatur,
1377 2356 1512 2394 quem,
1554 2343 1596 2379 in

194 2405 306 2441 fidem
336 2417 436 2440 suam
466 2412 683 2454 receptum,
711 2411 750 2439 ut
784 2406 883 2440 omni
916 2403 1025 2440 modo
1058 2411 1234 2440 tutaretur
1267 2413 1302 2440 et
1325 2404 1373 2441 ab
1396 2405 1594 2456 iniquitate

195 2467 385 2502 hominum
419 2466 659 2515 prohiberet,
697 2466 903 2517 iniuriaque
926 2464 1111 2501 adfectum
1137 2466 1363 2511 vindicaret,
1401 2465 1484 2510 lege
1513 2477 1596 2500 caup

195 2535 271 2562 tum
302 2533 396 2561 erat.
462 2527 558 2562 Hinc
591 2525 741 2563 ultimae
777 2527 816 2562 inv
846 2535 1046 2576 patronos,
1079 2528 1143 2578 qui
1175 2527 1331 2564 clientes
1363 2528 1433 2578 ipsi
1465 2527 1592 2576 inique

197 2596 422 2629 tractarent,
458 2599 603 2636 poenae
633 2589 854 2625 constitutae
878 2591 951 2636 jam
976 2587 1073 2637 legg.
1097 2587 1184 2623 ΧΠ.
1211 2588 1284 2624 tab.
1336 2587 1380 2621 Sc
1400 2591 1591 2632 patronus

195 2649 327 2684 clienti
345 2649 531 2696 fraudem
555 2649 676 2699 faxit
697 2676 708 2692 ,
751 2659 859 2684 sacer
890 2656 987 2687 esto.
1051 2651 1191 2688 Eadem
1240 2651 1440 2687 severitate
1476 2649 1595 2683 anim-

198 2710 464 2750 advertebatur
493 2712 634 2755 ineos,
670 2711 733 2763 qui
764 2712 960 2749 terminum
993 2711 1077 2750 loco
1101 2714 1317 2751 movissent.
1371 2711 1454 2757 Qua
1485 2709 1532 2746 de
1554 2709 1591 2744 re
