1834 3117
828 214 884 222 .-
978 201 1025 233 12
1117 214 1174 221 ..-

296 304 495 374 ingenii
518 306 643 354 lima
668 303 1040 373 perpoliverit,
1077 319 1301 368 eamque
1337 303 1407 353 ad
1445 300 1687 354 Graecae

295 401 528 451 poeseos
596 388 806 451 genium
860 383 1184 433 inflectendo
1248 383 1691 448 iuformandoque

294 466 449 513 novis
486 473 537 510 et
572 467 845 529 exquisitis
884 466 1141 513 sermonis
1183 465 1377 529 poetici
1401 464 1693 532 augmentis

294 543 727 607 locupletaverit,
799 544 968 602 adeo,
1027 553 1082 591 ut
1140 552 1255 591 tota
1326 543 1693 591 Romanorum

295 624 476 686 poesis
499 638 697 672 novam
718 623 840 670 inde
867 639 1089 687 eamque
1113 624 1310 670 laetam
1335 638 1397 671 ae
1420 626 1546 670 satis
1567 620 1698 669 libe-

294 702 467 748 ralem
510 703 738 751 induerit
784 703 974 751 faciem
1004 739 1016 759 ,
1078 720 1234 766 quam
1292 701 1530 766 quidem,
1581 711 1699 749 tan-

298 796 456 844 quam
503 783 781 847 exemplar
817 782 1387 831 consummatissimum
1438 783 1696 829 seriores,

297 859 388 924 qui
416 859 618 924 aliquid
647 861 747 909 sibi
774 862 943 909 videri
965 863 1196 918 vellent,
1227 870 1419 927 poetae
1454 860 1553 908 sibi
1581 874 1698 923 pro?

299 947 558 1002 ponerent
629 941 1123 1005 contemplandam,
1185 940 1693 1004 exprimendamque

300 1021 449 1065 unice
488 1018 896 1073 adlaborarent3
924 1023 1088 1082 majus
1112 1020 1160 1068 ei
1183 1035 1315 1086 opus
1340 1019 1667 1067 movendum
1687 1048 1700 1073 ,

298 1095 389 1160 qui
420 1113 602 1144 omnes
632 1096 964 1145 Horatianae
1002 1106 1230 1164 poeseos
1258 1102 1473 1146 virtutes
1509 1113 1703 1163 cogno-

301 1191 468 1234 scere,
496 1175 844 1239 cognitasque
862 1185 1016 1240 atque
1039 1186 1218 1226 curate
1239 1186 1554 1242 perspectas
1577 1176 1698 1222 aliis

295 1251 374 1302 ita
405 1254 617 1301 tradere
658 1252 867 1318 cupiat,
906 1264 959 1302 ut
986 1254 1198 1303 Horatii
1234 1252 1391 1302 lectio
1417 1255 1541 1303 inde
1583 1269 1703 1321 per·

299 1336 484 1398 spicua
520 1335 741 1381 exsistat
765 1341 925 1396 atque
959 1334 1200 1397 jucunda.

430 1413 606 1476 Atque
645 1413 876 1460 omnium
912 1415 1125 1477 quidem
1178 1415 1404 1478 primam
1431 1416 1480 1462 ei
1529 1410 1694 1462 vlrtu-
1737 1414 1740 1415 ⁷

299 1501 435 1547 tem,
490 1492 579 1556 qui
626 1490 906 1539 Horatium
960 1501 1105 1540 reete
1153 1493 1497 1558 interpretari
1546 1492 1705 1546 velit,

297 1572 439 1620 hanc
490 1574 963 1637 inesseloportere
1018 1571 1284 1623 arbitror,
1336 1582 1387 1620 ut
1436 1571 1706 1636 ingenium

300 1653 508 1700 adferat
533 1667 847 1719 graecorum
888 1652 1278 1716 latinorumque
1306 1658 1591 1718 poetarum
1622 1647 1702 1696 le-

304 1736 474 1779 ctione
528 1734 707 1779 tritum
751 1739 907 1795 atque
942 1732 1262 1795 expolitum,
1311 1730 1456 1795 quod
1502 1731 1711 1795 ipsum,

303 1811 739 1877 phantasmatum
797 1811 1100 1861 sublimium
1139 1827 1344 1878 capax,
1390 1815 1611 1874 poetam
1650 1812 1706 1859 in

304 1894 444 1939 altos
502 1891 712 1941 nubium
771 1900 963 1940 tractus
1019 1892 1325 1939 tendentem
1387 1887 1503 1936 nisu
1563 1889 1707 1939 haud

302 1973 496 2036 impari
540 1975 690 2036 sequi
721 1972 944 2025 audeat,
980 1980 1135 2035 utque
1165 1971 1303 2019 adeo
1337 1973 1441 2036 ipsi
1471 1972 1537 2019 sit
1561 1990 1712 2019 mens

304 2058 549 2100 divinior
594 2062 756 2115 atque
802 2072 860 2100 os
897 2072 1103 2117 magna
1147 2063 1488 2102 sonatur-am.
1584 2051 1708 2099 Non

303 2134 487 2202 igitur,
527 2134 614 2183 ubi
662 2150 973 2199 magnarum
1021 2150 1194 2182 rerum
1236 2134 1454 2198 objectis
1484 2149 1518 2181 a
1554 2137 1713 2197 poe'ta

302 2218 438 2264 ideis
469 2215 674 2264 incendi
713 2224 872 2279 atque
905 2222 1222 2262 exaestuare
1255 2214 1443 2267 debet,
1478 2228 1596 2261 cum
1623 2210 1717 2256 mi-

307 2296 439 2344 sello
476 2294 999 2342 Baxtero'lectorem
1034 2293 1230 2358 frigore
1266 2292 1458 2353 feriet;
1511 2300 1600 2339 aut
1632 2288 1720 2337 ubi

304 2374 443 2423 inter
480 2375 624 2422 Deos
672 2390 755 2421 res
782 2375 892 2440 agi,
929 2375 1169 2423 Deorum
1203 2371 1469 2422 consortio
1498 2376 1711 2438 poetam

305 2455 430 2508 frui,
478 2470 568 2501 eos
618 2454 835 2511 videre,
881 2453 1099 2517 adloqui
1140 2455 1362 2508 sentiet,
1399 2452 1557 2500 fidem
1604 2451 1712 2512 ejus

308 2534 386 2582 rei
427 2533 617 2585 eodem
662 2541 878 2581 auctore
922 2532 1155 2597 Apellae
1201 2532 1420 2586 Jndaeo,
1467 2531 1553 2595 qui
1611 2527 1714 2577 hoc

309 2611 514 2667 eredat,
562 2614 905 2660 transmittet:
952 2612 1045 2659 sed
1082 2613 1270 2660 eodem
1307 2619 1582 2661 contactus
1621 2608 1717 2656 ad·

308 2690 567 2758 flatusque
624 2694 802 2758 spiritu
870 2693 1115 2743 eumdem
1152 2693 1511 2743 commotioris
1546 2687 1717 2745 animi
