1779 3051
153 307 339 349 tionem
392 303 567 355 habet,
631 317 694 344 ne
739 299 937 345 titulum
988 298 1191 362 quidem
1240 321 1276 347 s.
1315 305 1546 352 indicem.

152 371 446 415 Mai‘ttazre
469 366 669 429 quidem
693 368 920 417 (Annal.
951 372 1127 429 typoo
1129 379 1181 411 r.
1213 368 1274 412 T.
1295 371 1392 431 1.p.
1412 390 1496 431 292
1510 383 1544 424 ,)

154 453 261 481 eam
298 433 570 480 Mediolani
614 448 670 476 ex
706 436 940 478 Antonii
960 435 1204 490 Zaroltc,
1241 435 1545 493 Palmensis,

150 502 284 554 (vid.
318 501 377 544 de
403 517 459 545 eo
488 498 618 564 Affo
646 501 857 561 Saggzo
885 515 946 543 sa
975 500 1032 543 la
1072 503 1275 561 tzpogmr
1292 503 1545 548 Parmen-

148 586 201 620 se
225 585 272 629 p.
304 567 410 617 ΙΙΙ.)
443 565 764 627 typographia
796 583 838 608 a.
876 573 1014 626 1470.
1042 565 1287 627 prodiisse
1318 568 1431 613 inde
1465 585 1544 612 au-

147 650 240 697 gui
245 639 386 687 atur
425 633 556 694 quod
592 633 696 675 A.nt
736 633 967 677 Zarottus
996 631 1148 677 libros
1177 649 1302 678 anno
1328 633 1421 679 isto
1446 635 1548 679 Me

150 698 331 744 diolani
371 699 613 743 excudere
643 699 893 760 coeperit,
931 705 977 743 et
1005 699 1106 759 typi
1137 715 1248 743 cum
1285 699 1405 756 alus,
1424 717 1543 763 quos

145 765 280 810 idem
324 766 549 821 excudit,
587 763 691 809 sere
735 764 1043 810 conveniant.
1113 766 1288 811 Eidem
1340 767 1543 811 Zarotto

144 831 289 876 istam
328 831 588 895 adsignant
628 831 867 877 orlandi
905 833 1164 892 (Origine
1203 848 1227 882 e
1261 836 1545 895 progressi

146 898 293 942 della
329 904 560 957 stampa
604 906 768 959 1722.)
797 916 845 960 Ρ.
894 915 999 943 101.
1042 899 1252 943 Saxzzzs
1295 899 1440 950 (Hist.
1478 907 1546 959 ty,

144 980 287 1024 pogr.
315 963 522 1010 Mediol.
526 972 548 1015 )
576 982 624 1025 p·
644 963 755 1010 556.
786 971 834 1008 et
860 966 1079 1009 Debzzre
1095 965 1542 1027 (Bi'blzograplzze

144 1032 502 1087 instructzve,
528 1020 721 1076 belles
761 1032 1002 1080 Letttes)
1050 1029 1113 1073 Τ.
1152 1031 1186 1072 1.
1221 1048 1269 1091 p.
1312 1034 1425 1078 511.
1469 1048 1541 1076 12.

141 1096 444 1141 Jtfforellms
494 1105 691 1152 tamen,
720 1096 808 1141 Vi1
848 1096 921 1138 rei
947 1094 1455 1156 intelligentissimus,
1490 1097 1542 1142 in

141 1160 490 1207 Bi'blzotheca
528 1163 798 1220 Illaplzaez
824 1161 1055 1205 sznellzz
1084 1160 1145 1204 T.
1169 1162 1229 1204 ΙΙ.
1258 1180 1306 1222 Ρ.
1333 1165 1444 1215 524.
1469 1180 1543 1208 ae-

143 1241 231 1288 gre
260 1241 312 1270 ac
333 1226 595 1271 difficulter
611 1227 662 1270 in
684 1227 807 1270 hanc
837 1227 1128 1269 sententiam
1156 1223 1543 1290 concedit,quo‹l

145 1307 171 1335 a
207 1292 398 1335 Zarotti
435 1293 560 1353 typis
591 1307 704 1335 cum
737 1290 901 1352 quoad
929 1291 1298 1347 characterem,
1335 1294 1417 1354 qui
1442 1295 1541 1354 pla·

141 1371 201 1400 ne
241 1355 375 1400 idem
421 1357 511 1412 sit,
556 1373 704 1418 quem
752 1357 999 1401 Plutarchi
1047 1357 1473 1420 Apophthegmata
1514 1377 1541 1404 a
1593 1360 1605 1379 ⁴

141 1420 395 1483 Philelpho
423 1423 575 1467 latine
604 1422 824 1484 reddita,
871 1423 1042 1467 Florus
1072 1430 1118 1466 et
1143 1424 1373 1470 Lucanus
1394 1459 1405 1469 .
1436 1427 1539 1471 ahs-

141 1500 235 1550 que
279 1489 381 1533 u·lla
423 1496 539 1534 nota
588 1488 818 1550 impressi
855 1488 1171 1549 praeferant,
1227 1498 1334 1534 tum
1377 1493 1539 1553 quoad

143 1553 341 1599 chartae
369 1562 521 1618 genus
547 1555 674 1599 liber
709 1555 800 1600 iste
822 1554 954 1599 haud
989 1555 1164 1600 leviter
1196 1555 1434 1603 dissideie
1476 1559 1542 1602 vi

144 1621 338 1687 deatiir.
410 1621 549 1666 Conf.
585 1622 642 1665 G.
675 1623 750 1666 W.
785 1623 1026 1667 Panzerz
1050 1621 1220 1666 A..nnal
1257 1630 1449 1687 typogr.
1477 1624 1537 1669 T.

141 1686 224 1731 ΙΙ.
232 1704 283 1747 Ρ.
317 1690 423 1739 1-45·
458 1695 505 1732 et
534 1687 644 1739 554.
689 1688 914 1732 Primum
956 1688 1046 1733 ista
1084 1687 1235 1731 editio
1278 1690 1338 1732 ad
1374 1699 1537 1752 partes

142 1760 314 1798 vocata
342 1761 414 1798 est
442 1772 466 1798 a
495 1754 742 1809 Gesnero‚
780 1754 863 1815 qui
896 1771 1003 1799 eam
1044 1754 1114 1798 ita
1153 1754 1412 1799 describit.
1462 1757 1539 1800 Li-

126 1826 276 1862 .terae
307 1827 417 1864 sunt
445 1819 547 1882 ejus
582 1819 800 1874 formae,
837 1837 985 1880 quam
1021 1820 1278 1864 Jensonius
1299 1821 1537 1877 adhibuit,

143 1884 228 1928 sed
264 1884 431 1944 paullo
471 1886 634 1930 minus
677 1886 835 1929 cultae
863 1892 910 1928 et
949 1885 1334 1945 incompositae,
1371 1895 1423 1931 ut
1462 1888 1538 1931 ad-

141 1954 343 2012 pareat,
395 1966 553 2011 neque
594 1950 823 1994 matrices
866 1949 1016 1994 fuisse
1071 1951 1138 1994 ita
1171 1950 1445 2011 perfectas,
1483 1961 1538 1998 ut

141 2015 282 2060 fuere
308 2016 661 2072 Jensonianae,
698 2032 857 2079 neque
880 2015 947 2059 ita
979 2017 1265 2061 adcuratam
1304 2034 1536 2064 versuum

143 2081 522 2144 dirigendorum
548 2082 811 2128 rationem.
881 2082 1032 2126 Porro
1058 2082 1232 2127 literae
1262 2084 1460 2128 nullae
1448 2085 1537 2130 mi-

144 2148 310 2203 tiales,
347 2148 773 2213 saepeslongum
806 2148 856 2192 in
882 2147 977 2192 fine
1017 2148 1148 2193 vocis
1181 2149 1402 2210 positum
1442 2159 1533 2196 etc.

140 2214 387 2259 Volumen
426 2222 612 2260 constat
650 2213 1111 2277 quinternionibus,
1161 2215 1194 2259 i.
1236 2232 1277 2259 9.
1318 2217 1534 2280 quinque

142 2280 350 2342 plagulis
388 2279 659 2342 duplicatis,
695 2287 749 2326 ut
779 2280 1002 2326 oriantur
1026 2281 1271 2326 denorum
1295 2281 1532 2328 foliorum

140 2347 309 2391 libelli.
380 2346 514 2391 Folia
549 2347 656 2406 ipsa
697 2364 794 2392 non
844 2347 1040 2406 signata
1067 2364 1225 2409 neque
1263 2348 1416 2394 literis
1456 2367 1534 2394 ne-

142 2430 235 2475 que
271 2413 518 2470 numeris,
556 2413 778 2458 custodes
815 2412 968 2468 nulli,
1000 2413 1192 2457 nullum
1232 2413 1411 2476 iefflsti
1419 2433 1531 2471 um,

140 2479 313 2523 literae
342 2496 485 2541 saepe
521 2480 874 2541 transpositae,
913 2477 1119 2524 infantia
1155 2479 1366 2540 denique
1415 2481 1529 2526 artis

143 2552 191 2589 et
215 2562 480 2620 operarum
509 2546 694 2591 ruditas
727 2546 944 2607 undique
974 2546 1193 2608 adparet.
1262 2546 1417 2591 Voces
1456 2548 1531 2591 191

146 2611 386 2667 omissae,
423 2613 497 2657 vel
528 2628 639 2657 cum
666 2612 818 2674 ipsius
850 2611 999 2656 metri
1025 2611 1244 2674 pernicie
1283 2620 1532 2674 permuta-

144 2683 249 2732 tae,
284 2677 433 2725 fidem
460 2678 671 2732 faciunt,
707 2696 804 2723 non
825 2677 1098 2740 praefuisse
1125 2679 1329 2723 editioni
1361 2679 1531 2724 Gram-

142 2743 412 2802 mat-icum,
450 2746 532 2791 sed
567 2743 855 2804 simpliciter
882 2746 1164 2807 exemplum
1202 2762 1373 2800 suum,
1411 2745 1442 2789 i.
1486 2762 1529 2789 9.
