1790 3117
715 280 770 299 -,·-··
857 268 912 306 40
1000 260 1073 290 ...⁸-

217 376 290 418 13.
332 371 394 414 ΙΙ.
432 386 504 416 12.
542 374 587 416 8.
625 378 672 415 et
715 387 787 416 21.
859 369 928 414 Cf.
982 369 1042 414 de
1078 367 1349 414 Mart-lib.
1388 368 1591 430 laud.p,

214 438 323 494 203,
349 453 418 497 sq.

345 504 520 548 codex
555 503 1012 561 Franeqzzeranzzs
1034 532 1047 555 ,
1081 499 1132 543 in
1162 500 1457 546 bibliotheca
1495 518 1595 546 aca-

208 567 400 611 demica
431 569 738 619 adseri-atus,
770 566 1076 610 venerandae
1112 565 1434 626 antiquitatis,
1460 566 1595 628 cujus

209 639 260 676 et
285 632 563 689 Bentleium
584 631 814 676 lectiones
841 631 1070 675 habuisse
1105 629 1344 686 vidimus,
1374 634 1457 677 sed
1483 650 1599 694 pauff

213 698 429 742 cissimas
458 692 516 742 ‘et
552 697 858 760 negligenter
898 703 1165 757 excerptas.
1234 698 1367 741 Tum
1401 715 1596 760 quoque

209 763 385 808 Lamh.
429 764 521 808 Bos
557 763 607 806 in
652 762 1004 807 animadverss.
1045 762 1105 806 ad
1156 761 1414 807 Horatium
1448 771 1596 824 [quae

209 828 315 885 ejus
363 828 866 874 animadversionibus
927 828 988 871 ad
1025 827 1305 887 scriptiores
1359 828 1597 889 quosdam

212 894 454 946 Graecos,
496 896 740 956 Franequ.
784 892 922 951 1715.
953 895 998 939 8.
1027 892 1275 955 subjectae
1316 899 1450 943 sunt)
1485 910 1601 937 non-

209 960 367 1003 nullas
421 959 547 1004 illius
583 961 695 1004 lect.
735 966 1109 1004 commemorat.
1178 959 1453 1003 Pleniorem
1490 958 1594 1021 ejus

178 1046 187 1053 «
209 1023 478 1069 lectionum
515 1042 772 1070 recensum
801 1025 985 1086 accepit
1018 1025 1126 1069 Jani
1150 1023 1207 1068 ab
1236 1024 1499 1078 Herbellio,
1514 1024 1597 1085 qui

211 1107 255 1142 a.
296 1108 446 1148 1770,
490 1108 601 1135 cum
634 1093 973 1151 Franequer-ae
1012 1097 1322 1145 versaretur,
1376 1089 1597 1133 codicem

208 1155 362 1198 istum
399 1172 510 1198 cum
548 1155 815 1216 Cruquiani
855 1154 1043 1198 Horatii
1084 1154 1297 1198 editione
1327 1154 1438 1198 anni
1478 1154 1597 1212 1595

210 1220 352 1263 docte
390 1219 746 1282 diligenterque
778 1219 999 1264 contulit.
1068 1220 1152 1264 Est
1179 1220 1331 1263 codex
1355 1219 1600 1264 membra·

209 1302 388 1328 naceus
411 1317 422 1338 ,
447 1284 635 1337 forma,
671 1301 804 1346 quae*
826 1288 886 1330 ‘in
905 1284 1060 1344 folio
1087 1291 1299 1329 ‘vocatur
1318 1317 1328 1337 ,
1361 1285 1598 1347 oblonga3

210 1350 454 1410 habetque
497 1351 795 1395 scholiorum
834 1350 1136 1394 ineditorum
1190 1349 1433 1412 insignem
1471 1350 1597 1410 copi-

212 1432 309 1458 am.
381 1416 492 1459 Vid.
523 1423 570 1460 et
597 1415 906 1460 Gutberleth.
931 1416 989 1458 de
1029 1415 1195 1469 Saliis,
1224 1433 1275 1476 p.
1305 1431 1349 1473 9.

347 1482 522 1527 Codex
570 1481 1042 1534 Helmstadc'ensis,
1089 1479 1278 1525 formae
1323 1480 1597 1535 maximae,

213 1546 495 1590 chartaceus
537 1553 584 1590 et
626 1545 892 1608 levigatus,
950 1545 1104 1590 literis
1152 1545 1438 1590 minusculis
1479 1545 1596 1590 satis

213 1612 517 1672 elegantibus
565 1611 790 1671 scriptus.
857 1613 1047 1656 Vocim
1090 1611 1381 1672 compendia
1413 1626 1597 1672 pauca3

213 1693 410 1737 semper
446 1676 835 1740 fereslongum
874 1684 921 1720 et
951 1694 984 1721 a
1012 1693 1104 1737 pro
1130 1692 1188 1733 v,
1227 1677 1498 1738 scripturae
1527 1690 1599 1719 er-

212 1758 350 1786 r01es
381 1741 653 1794 melmin
684 1742 857 1803 primis
888 1742 938 1787 in
969 1742 1148 1793 venbis‚
1179 1758 1302 1802 quae
1329 1759 1356 1787 a
1394 1741 1596 1788 Graecis

212 1815 341 1851 sunt.
427 1806 640 1851 initiales
689 1807 931 1852 librorum
984 1807 1128 1851 variis
1162 1807 1405 1852 coloribus
1442 1807 1601 1867 pictae

212 1879 261 1916 et
288 1873 577 1928 deauratae,
605 1872 656 1915 in
692 1872 1000 1934 singulorum
1039 1872 1316 1917 carminum
1352 1872 1502 1917 initiis
1539 1872 1600 1916 al-

211 1944 406 1981 ternant
434 1938 613 1981 rubrae
643 1944 689 1981 et
715 1939 984 1981 caeruleae.
1056 1938 1233 1998 Incipit
1268 1941 1352 1983 Ars
1388 1937 1598 1999 poetica,

215 2010 485 2062 sequuntur
512 2002 770 2048 Sermones
790 2036 803 2057 ,
834 2003 1096 2064 Epistolae,
1123 2002 1332 2064 denique
1357 2003 1598 2048 carmina,

211 2067 466 2111 Librarius
502 2083 550 2110 se
583 2068 794 2128 adpellat
820 2071 1063 2114 Mariam
1086 2071 1444 2115 Jeronz‘mum.
1523 2067 1601 2112 Se-

214 2133 322 2175 culo
361 2133 478 2176 XIV
508 2134 984 2194 exeunteAscriptum
1022 2151 1124 2178 esse
1155 2134 1392 2190 codicem,
1431 2133 1599 2178 omnia

214 2197 450 2256 suspicari
478 2196 666 2257 jubent.
716 2198 810 2243 Sed
846 2199 1217 2261 diligentissime
1248 2207 1412 2243 tamen
1445 2199 1505 2244 ad
1522 2215 1599 2244 anf

213 2262 483 2322 tiquiorum
508 2262 768 2317 librorum,
798 2264 938 2308 nobis
963 2282 1091 2309 nunc
1120 2265 1420 2327 ignotorum,
1447 2264 1596 2308 fidem

214 2328 500 2371 emendatus
529 2344 630 2372 esse
664 2328 877 2373 videtur.
946 2330 1101 2373 Habet
1132 2338 1261 2374 certe
1296 2330 1406 2374 lect.
1462 2345 1598 2390 quas-

214 2393 326 2436 dam
355 2393 623 2454 singulares
642 2426 653 2447 ,
684 2401 731 2437 et
755 2395 1116 2449 memorabiles,
1150 2403 1202 2439 ut
1240 2396 1276 2439 Ι.
1310 2412 1382 2440 12.
1405 2394 1492 2441 55:
1520 2396 1595 2437 26·

218 2474 274 2501 io
302 2465 347 2501 et
379 2475 460 2502 11:
490 2460 568 2516 57.
591 2461 664 2504 28.
710 2458 901 2504 Scholia
928 2459 1076 2504 etiam
1111 2478 1208 2504 non
1242 2477 1397 2521 pauca
1421 2458 1596 2502 adscri-

212 2530 312 2583 pta.
363 2523 528 2567 Fuisse
551 2530 597 2566 et
628 2524 705 2567 hic
742 2532 789 2568 et
816 2525 964 2568 ceteri
989 2525 1103 2569 libri
1132 2543 1243 2570 mss.
1272 2524 1596 2569 bibliothecae

213 2588 610 2631 llelmstadiensis
640 2589 902 2633 traduntur·
939 2589 1055 2634 olim
1080 2591 1129 2635 in
1155 2590 1429 2651 Hungariae
1465 2589 1595 2649 regis

214 2654 408 2696 (Lm-vini
459 2654 704 2697 thesauro.
770 2654 1016 2699 Lectionis
1064 2657 1351 2702 varietatem
1387 2671 1498 2698 cum
1538 2669 1595 2698 eo

216 2718 596 2764 communicavit
622 2719 862 2775 Henldus,
888 2720 944 2763 V.
976 2720 1021 2765 S.
1057 2721 1112 2767 R.
