1779 3085
770 225 1129 274 -550„..

279 329 477 374 jucunctus,
512 344 532 367 a
554 341 587 369 te
610 333 729 370 aliena
751 336 970 370 existimato.
1019 333 1135 375 Vide,
1167 344 1237 384 qua
1254 339 1331 379 arte
1351 331 1441 367 ba'no
1464 329 1639 368 sententi-

277 399 337 423 am
364 396 591 430 exornaverit
614 404 735 445 poeta.
783 394 987 437 Remittas,
1017 397 1158 438 mittas,
1196 395 1338 429 omittas
1369 394 1434 437 (ut
1466 392 1494 432 J.
1518 395 1571 434 38.
1599 399 1633 433 3.

278 447 348 484 ῙΠ.
369 462 424 499 29.
441 464 496 489 11·
520 455 562 492 V.
587 460 640 496 13.
665 460 723 499 7.)
751 455 823 491 noli
850 465 1049 503 quaerere,
1081 452 1257 490 sollicitus
1284 466 1361 488 esse
1387 452 1450 496 (v.
1468 451 1515 488 ad
1535 454 1565 488 I.
1599 464 1636 499 9.

278 511 362 556 13.)
404 527 450 550 no
488 520 628 564 angaris
658 519 803 559 animo,
850 531 896 553 ne
937 516 1178 567 periculorum
1214 513 1502 564 impendentium
1539 521 1636 549 metu

277 574 510 611 excrucieris.
568 576 636 612 Pro
666 576 836 627 periculis
877 579 911 611 in
951 589 1082 624 genere
1119 575 1325 626 specialiori
1369 576 1515 614 notione
1554 587 1638 624 poe·

275 639 330 665 1³2
367 646 459 683 quae
484 635 582 672 bella
612 638 713 674 nobis
735 639 966 680 immineant3
1004 646 1039 673 et
1064 649 1128 686 pro
1152 636 1245 678 hoc,
1283 649 1302 670 e
1329 643 1530 685 temporum
1550 636 1639 672 isto·

273 704 352 727 mm
381 697 538 733 ratione:
582 700 674 744 quid
713 697 892 733 Cantaber
912 705 949 733 et
974 699 1153 744 Scythes,
1191 697 1364 734 Cantabri
1390 706 1424 733 et
1449 697 1636 745 Scythae,

275 762 400 800 gentes
430 755 650 802 bellicosae,
680 762 757 806 (ad
789 770 975 812 utrumque
1001 764 1098 796 enim
1120 759 1244 803 refer)
1271 757 1465 804 cogitent,
1501 759 1639 792 minen-

275 822 330 849 ¹¹²¹⁴
370 818 434 860 (1¹t
463 817 594 866 Virgil·
640 824 708 857 Ge.
736 824 765 856 I.
792 822 897 866 462.)
942 836 1025 856 num
1066 819 1239 856 Cantabri
1274 827 1309 855 et
1341 818 1498 867 Scythae
1533 829 1643 853 novas

274 888 331 911 res
358 879 519 915 molituri
553 883 656 924 sint,
705 882 806 918 bello
837 884 974 932 (quam
1011 883 1195 916 notionem
1221 878 1267 922 τῷ
1297 879 1492 914 bellicosus
1527 879 1636 914 docte

270 937 404 973 indidit
427 943 551 989 poeta)
572 955 635 978 nos
648 942 950 991 adgressurisint.
989 945 1205 980 Cantabriet
1229 944 1401 993 Scythae,
1427 943 1645 979 Istriadco-

276 997 355 1041 ¹³0,
400 1000 446 1036 ad
479 1011 600 1049 partes
636 1003 827 1050 vocantur,
875 1019 954 1042 cum
990 1006 1151 1048 dilectu3
1185 1018 1268 1041 nam
1301 1006 1337 1039 hi
1366 1004 1503 1039 crebris
1530 1007 1647 1039 incur-

274 1059 436 1096 sionibus
468 1062 554 1099 fines
589 1065 832 1101 Romanorum
878 1066 1099 1114 fatigabant,
1148 1080 1180 1100 v.
1227 1064 1275 1100 ad
1306 1065 1355 1099 Il.
1391 1077 1422 1108 9.
1458 1067 1545 1106 23.)
1590 1063 1646 1098 illi

275 1125 395 1153 autem
421 1120 612 1166 pertinaci
644 1122 684 1155 in
722 1123 933 1160 rebellando
968 1132 1077 1162 erant
1116 1124 1258 1166 animo,
1310 1122 1434 1168 (Flor.
1463 1121 1528 1157 IV.
1564 1123 1647 1168 12.)

278 1195 322 1204 -—
350 1176 493 1223 Adria,
527 1186 616 1217 mari
651 1184 839 1222 Adriatico
872 1186 1010 1230 objecto
1034 1188 1224 1237 opposito,
1265 1187 1328 1230 (ut
1356 1185 1456 1230 Virg.
1484 1186 1578 1219 Aen.
1600 1183 1648 1218 X.

275 1241 356 1285 377.
377 1243 496 1276 maris
512 1255 653 1290 magna
665 1245 821 1288 claudit,
841 1257 910 1279 nos
932 1246 1049 1281 obiice
1065 1250 1232 1292 pontus)
1260 1249 1455 1295 interjecto
1477 1244 1620 1278 divisus
1636 1271 1648 1287 ,

278 1301 324 1336 ab
358 1302 462 1338 Italia
486 1307 691 1350 sejunctus,
723 1308 790 1350 (ut
823 1307 936 1342 divisi
967 1315 1046 1343 toto
1078 1309 1161 1342 orbe
1183 1307 1367 1341 Britanni
1391 1305 1491 1352 Virg.
1515 1305 1594 1341 Ect.
1618 1307 1648 1339 I.

278 1362 333 1403 67-
362 1363 457 1399 adde
490 1365 622 1400 Catull.
651 1367 784 1401 LXIV.
808 1371 916 1412 179.)
948 1373 1009 1417 qui
1045 1373 1137 1405 ultra
1166 1382 1263 1405 mare
1298 1369 1527 1404 Adriaticum
1547 1366 1648 1402 habi-

279 1428 351 1463 tat,
383 1423 489 1470 longe
518 1426 610 1464 adeo
640 1440 660 1461 a
687 1427 790 1463 nobis
825 1427 972 1465 dissitus
1005 1439 1072 1467 est.
1120 1431 1249 1481 Neque
1273 1431 1370 1465 enim
1398 1431 1447 1464 ita
1467 1430 1649 1478 accipien-

279 1482 386 1525 dum,
420 1498 463 1519 ac
493 1488 524 1519 si
558 1487 715 1535 Scythae
747 1489 911 1525 litorales
957 1493 1063 1526 maris
1082 1491 1259 1526 Adriatici
1293 1490 1415 1540 plagas
1442 1492 1652 1532 tenuerint,

280 1555 360 1576 cum
390 1544 577 1592 Illyricum
607 1556 641 1582 et
678 1548 860 1584 Pannonia
895 1552 987 1585 inter
1013 1564 1072 1585 eas
1105 1561 1139 1586 et
1174 1551 1339 1600 'Scythas
1376 1552 1551 1593 intersit3
1582 1551 1649 1586 sed

283 1602 375 1638 illud
404 1608 632 1652 potissimum
662 1611 822 1644 nominat
848 1618 979 1659 poeta,
1018 1625 1089 1661 quo
1116 1616 1230 1659 major
1262 1613 1423 1649 locorum
1451 1613 1654 1664 longinqui·

283 1672 335 1698 tas
366 1663 634 1719 difficultasque
667 1673 721 1705 rei
746 1671 930 1720 adpareat.
988 1673 1144 1720 Adjecta
1181 1686 1265 1708 vero
1292 1674 1381 1709 haec
1411 1686 1432 1707 a
1465 1681 1571 1722 poeta
1606 1673 1654 1708 ad

283 1726 532 1765 exornandam
559 1733 796 1771 sententiam3
842 1731 934 1765 nihil
979 1733 1150 1781 amplius.
1216 1733 1331 1768 Fuere
1376 1741 1517 1775 tamen,
1564 1735 1656 1784 qui,

281 1785 376 1826 sorte
408 1787 462 1822 his
483 1790 640 1825 maxime
681 1789 848 1835 inducti,
888 1792 1099 1836 Quinctium
1126 1805 1208 1827 vere
1231 1792 1275 1827 de
1304 1793 1362 1827 his
1388 1794 1529 1842 populis
1555 1793 1653 1828 labo-

283 1859 406 1891 rasse,
436 1861 503 1890 ac,
532 1863 576 1884 ne
600 1849 694 1886 forte
724 1854 760 1887 in
785 1851 929 1887 Italiam
956 1853 1238 1895 descenderent,
1266 1855 1438 1889 metuisse
1454 1879 1465 1895 ,
1489 1854 1577 1888 satis
1601 1855 1655 1887 in-

282 1906 389 1944 docte
421 1908 507 1945 inde
536 1910 765 1958 colligerent.
817 1911 893 1948 Sed
930 1914 1058 1948 eadem
1095 1921 1147 1948 est
1186 1916 1221 1949 in
1257 1914 1313 1948 his
1351 1915 1493 1963 poetica
1527 1915 1649 1956 ratio,

284 1982 375 2018 quae
407 1969 437 2004 I.
471 1973 526 2007 26.
550 1973 581 2008 3.
608 1982 644 2016 5.
681 1993 726 1999 -
758 1986 790 2013 4·
829 1988 920 2011 neve
954 1982 1051 2010 metu
1084 1975 1218 2016 futuri,
1260 1989 1304 2010 ne
1329 1973 1527 2025 aliquando
1567 1974 1647 2009 ‹leti-

283 2032 383 2073 ciat,
417 2032 511 2067 unde
546 2034 655 2067 vitam
690 2033 847 2077 toleres,
887 2034 1143 2076 conturberis,
1186 2036 1310 2086 sicque
1338 2036 1539 2083 praesentis
1567 2042 1658 2068 tem-

282 2092 381 2140 poris
410 2091 565 2127 fructum
601 2092 668 2127 tibi
690 2093 824 2128 auferri
855 2095 975 2136 sinas,
1009 2109 1116 2145 quum
1156 2098 1280 2144 paucis
1320 2107 1410 2143 opus
1443 2097 1490 2129 sit
1522 2094 1567 2129 ad
1606 2095 1662 2129 vi·

284 2160 358 2185 tam
393 2152 498 2188 beate
530 2153 719 2200 agendam.
781 2156 860 2190 Jam
892 2156 1056 2204 expende
1096 2156 1241 2191 doctam
1281 2156 1498 2191 brevitatem
1526 2183 1537 2198 ,
1587 2167 1657 2206 qua

285 2215 356 2246 vim
393 2213 529 2260 vulgari
567 2215 650 2250 huic
679 2218 878 2251 sentcntiae
913 2217 1074 2264 adjecit:
1115 2216 1277 2262 trepide-t
1311 2215 1396 2250 aevi
1430 2229 1484 2250 sc.
1519 2227 1658 2258 causa,

285 2272 463 2307 sollicitus
485 2276 538 2311 sis
560 2274 604 2309 dc
631 2289 697 2320 eo,
729 2277 825 2312 unde
853 2279 972 2317 vivas·,
999 2290 1079 2312 cum
1101 2280 1173 2311 vita
1191 2288 1314 2321 pauca
1334 2282 1492 2323 poscat,
1529 2278 1656 2325 paucis

285 2334 447 2381 indigeat
480 2335 521 2367 in
544 2346 682 2379 usum,
716 2347 751 2371 ut
788 2350 829 2372 ea
861 2339 1075 2387 perfruaris.
1126 2338 1222 2372 Mire
1258 2337 1480 2380 aliiynovum
1514 2337 1584 2371 hoc
1609 2337 1654 2373 de

287 2396 362 2429 vita
410 2396 566 2441 jucunde
603 2397 833 2444 transigenda
866 2407 1100 2447 praeceptum
1145 2410 1228 2432 cum
1262 2397 1563 2434 antecedentibus
1594 2410 1658 2434 co·

286 2455 460 2498 haerere,
507 2457 812 2508 Quinctiumque,
855 2473 962 2509 quem
1006 2459 1166 2509 aliquem
1201 2458 1376 2494 bonorum
1423 2471 1566 2493 suorum
1606 2471 1654 2494 ex

287 2519 435 2552 istorum
480 2518 694 2567 populorum
744 2519 1006 2555 incursionibus
1053 2524 1229 2566 jacturam
1274 2521 1448 2556 metuisse
1495 2527 1653 2569 ponunt,

288 2590 331 2612 eo
363 2577 541 2613 consolari
580 2579 702 2614 volunt
748 2580 961 2621 Horatium,
1008 2579 1105 2630 quod
1137 2580 1185 2615 ad
1222 2581 1335 2615 vitam
1382 2579 1654 2616 sustentandam

288 2640 414 2686 paucis
444 2647 570 2675 natura
590 2653 678 2689 opus
699 2639 867 2683 haheat„
897 2640 1059 2692 illudque
1084 2641 1178 2678 adeo
1204 2640 1373 2677 damnum
1401 2653 1517 2692 aequo
1538 2637 1656 2676 feren·
