1779 3051
637 231 1011 264 *222*

773 335 862 380 lx.

249 455 380 499 AD
471 427 1389 505 THALIA'RcHUM.

671 592 984 616 ΜΜΩἉΜ

121 690 315 788 Vides
332 775 344 798 ‚
382 751 437 788 ut
463 744 558 789 alta
585 752 679 791 stet
706 746 816 792 nive
844 744 1111 793 candidum

129 808 357 861 Soracte,
387 826 476 854 nec
513 810 612 872 jam
650 813 922 857 sustineant
949 830 1072 859 onus

195 875 351 919 Silvae
377 876 682 932 laborantes,
726 879 937 940 geluque

256 941 486 986 Flumina
521 943 829 989 constiterint
855 952 1015 990 acuto.

127 1070 352 1116 Dissolve
381 1072 569 1134 frigus,
605 1075 736 1136 ligna
772 1091 919 1136 super
950 1074 1060 1120 soco
1200 1098 1207 1102 ”
1495 1072 1524 1123 5

129 1137 295 1199 Large
311 1154 554 1199 reponens
577 1154 589 1195 3
615 1147 759 1201 atque
802 1141 1065 1200 benignius

192 1205 450 1264 Deprome
481 1205 800 1265 quadrimum
838 1205 1051 1261 Sabina,

261 1270 302 1314 O
333 1269 663 1327 Thaliarche,
712 1287 913 1316 merum
950 1272 1098 1316 diota.

128 1393 361 1441 Permitte
391 1392 531 1437 Divis
562 1400 752 1438 cetera:
782 1395 866 1456 qui
894 1396 1043 1439 simul

134 1463 360 1507 Stravere
390 1465 559 1503 ventos
585 1476 799 1521 aequore
823 1456 1018 1506 fervido
1469 1476 1527 1506 10

195 1524 603 1585 Deproeliantes,
640 1542 729 1569 nec
761 1525 978 1586 cupressi

261 1592 361 1635 Nee
390 1597 578 1635 veteres
617 1591 864 1653 agitantur
895 1590 1021 1636 orni.

134 1723 266 1787 Quid
290 1723 350 1766 sit
377 1720 602 1765 futurum
635 1738 739 1767 cras
763 1756 775 1777 ‚
822 1722 937 1784 fuge
974 1736 1239 1782 quaerere:
1274 1729 1324 1768 et:

116 1793 295 1854 ¹Quem
329 1789 449 1832 Fors
481 1787 676 1830 dierum
709 1803 919 1849 cumque
948 1786 1110 1832 dabit:
1137 1788 1277 1833 lucro

198 1856 426 1915 Adpone:
465 1868 553 1896 nec
582 1851 746 1898 dulces
769 1868 961 1897 amores
1476 1849 1535 1900 15

209 1921 397 1983 Sperne
424 1934 550 1979 puer
570 1948 583 1971 ,
614 1934 774 1982 neque
803 1927 858 1964 tu
894 1916 1122 1974 choreas3

144 2054 319 2097 Donec
347 2052 528 2098 virenti
560 2051 758 2097 canities
787 2051 925 2095 abest

141 2120 361 2163 B'Iorosa.
431 2120 569 2164 Nunc
599 2125 644 2162 et
672 2117 883 2178 Campus
923 2122 972 2159 et
1003 2131 1174 2172 areae,

206 2186 583 2244 Lenesquesub
610 2191 807 2228 noctem
844 2183 1035 2226 susurri

275 2251 559 2312 Composita
580 2255 867 2311 repetantur
896 2247 1020 2291 hora
1036 2266 1049 2290 t
1479 2260 1537 2291 2⁰

146 2384 285 2427 Nunc
316 2388 362 2425 et
385 2380 579 2425 latentis
605 2380 832 2442 proditor
857 2379 1035 2424 intimo

151 2448 329 2491 Gratus
355 2448 545 2509 puellae
577 2447 700 2491 risus
730 2447 788 2490 ab
827 2444 1036 2508 angulo,

215 2514 492 2575 Pignusque
519 2513 779 2573 dereptum
807 2509 1001 2556 lacertis
1021 2541 1037 2565 ,

281 2582 371 2625 Aut
394 2579 548 2643 digito
572 2579 700 2626 male
724 2577 981 2640 pertinaci.

661 2721 894 2746 mm
899 2718 1050 2744 mm
