1779 3085
721 235 779 245 ..-
864 224 952 265 510
1035 238 1093 247 2.-

218 338 447 382 Omni’no
475 338 561 381 hic
593 337 763 389 locus,
799 353 946 396 quem
979 352 1003 381 e
1027 340 1244 396 pictura
1283 351 1594 396 expressum

219 405 499 457 volebant,
537 404 841 447 luculenter
863 404 1141 449 ostendere
1162 405 1400 456 videtur,
1435 422 1593 464 quam

217 470 432 513 diversa
494 471 563 513 sit
603 484 788 527 poesos
853 486 916 513 ac
964 473 1212 527 picturae
1270 471 1505 515 indoles.
1543 477 1593 514 et

216 552 371 593 quani
417 533 628 593 injurie
667 550 824 592 saepe
871 532 1122 591 faciant,
1175 538 1264 595 qui
1295 538 1595 593 picturam,

215 607 274 643 ut
310 603 390 646 ita
426 600 628 654 dicam,
679 601 943 658 poeticam
985 603 1040 645 in
1078 604 1217 646 artis
1243 600 1487 662 formam
1523 615 1599 645 re-

215 666 427 726 digere,
479 681 696 724 eamque
747 667 1098 722 superciliose
1141 668 1400 711 damnare
1441 668 1602 710 aude-

215 738 342 781 ant,
397 733 447 774 si'
485 732 626 775 artis
662 733 967 776 subtilitati
1009 740 1103 776 aut
1147 737 1359 778 omnino
1393 749 1499 775 non
1526 747 1600 775 se-

213 797 476 853 spondeat
498 827 510 847 ‚
545 804 640 840 aut
674 813 840 856 aegre
876 813 930 841 se
959 799 1024 841 ab
1063 814 1124 841 ea
1153 799 1209 841 in
1252 800 1488 842 ordinem
1520 813 1599 840 co-

214 864 277 922 gi
315 864 582 918 patiatur.
632 863 820 920 ¹Poeta
863 864 999 906 enim
1052 879 1229 907 rerum
1269 864 1600 921 phantasiae

215 927 552 986 obJectariim
586 929 803 984 species,
841 929 1030 985 quibus
1051 944 1196 972 mens
1225 944 1347 987 eJiis
1379 926 1600 986 inflam-

213 998 361 1036 mata
404 998 505 1045 est,
556 993 624 1036 iis
652 994 985 1049 potissimum
1017 997 1351 1037 ornamentis
1388 1008 1601 1052 reprae-

221 1064 428 1110 sentat,
464 1073 597 1116 quae
626 1050 860 1119 ἑνοέργεικν
887 1059 1087 1103 liabent
1118 1060 1428 1107 maximam,
1465 1071 1601 1118 quae

213 1123 346 1166 adeo
402 1125 698 1177 abstracti,
746 1123 885 1182 quod
935 1125 1152 1175 dicunt,
1202 1125 1468 1168 notionem
1512 1137 1603 1165 aii-

212 1195 375 1247 gent,
412 1181 792 1264 amplificant,
829 1194 987 1248 atque
1015 1191 1087 1234 ad
1112 1190 1437 1234 miraculum
1483 1200 1601 1245 pae-

215 1268 279 1295 ne
308 1256 564 1304 evehunt,
600 1270 755 1298 unice
778 1268 1019 1309 securus,
1055 1270 1173 1299 num
1199 1270 1290 1303 ea,
1318 1269 1453 1314 quae
1485 1253 1602 1296 ani-

214 1335 353 1362 mum
386 1322 623 1364 maxime
638 1318 828 1380 ferire
859 1323 1028 1374 sciat,
1081 1303 1356 1365 oculorum
1397 1330 1600 1379 quoque

207 1383 428 1444 j‘iiclicio
464 1387 786 1443 probentur,
834 1388 922 1430 cui
957 1393 1150 1431 contra
1192 1382 1596 1444 satisfaciendo

215 1451 452 1494 sobrium
493 1444 737 1511 artificis
788 1451 968 1495 adniti
1004 1454 1158 1497 debet
1186 1452 1439 1495 studium.
1508 1449 1601 1493 Ita

215 1515 376 1570 plura
404 1510 986 1576 poetariimfigmenta
1017 1524 1334 1575 comparata
1367 1521 1581 1562 sunt‚v

217 1593 260 1621 c.
299 1581 467 1624 Fama
496 1581 833 1639 Vffzrgzliana.
907 1580 1007 1642 Qui
1041 1598 1164 1625 vero
1202 1583 1500 1632 actionem,
1543 1585 1601 1620 ut

218 1652 413 1688 vocant
431 1676 444 1698 ‚
479 1647 815 1701 potissimum
841 1645 897 1687 in
925 1647 1256 1690 Necessitate
1276 1645 1602 1690 desiderant,

217 1711 259 1753 ii
295 1725 400 1752 non
431 1710 712 1761 viderunt,
749 1711 1126 1763 Necessitatis‚
1163 1711 1312 1767 Spei,
1350 1724 1412 1752 ac
1447 1708 1602 1752 Fidei

216 1776 485 1833 imagines
535 1790 645 1817 esse
686 1775 1066 1828 secundarius,
1104 1776 1153 1818 li.
1195 1777 1440 1822 notiones
1475 1776 1603 1817 For-

218 1846 380 1882 tunae
429 1838 734 1898 subjectas,
781 1853 911 1899 quas
952 1841 1110 1891 adeo,
1160 1853 1224 1881 ne
1275 1840 1514 1883 animam
1564 1853 1600 1881 a

215 1905 486 1963 primaria
531 1904 850 1948 deducerent
899 1919 960 1949 ac
993 1906 1393 1952 distraherent,
1431 1903 1602 1946 brevi-

217 1979 301 2015 ter
329 1971 640 2015 declarasse
668 1968 1010 2033 sufficiebat,
1048 1972 1150 2014 etsi
1176 1970 1262 2013 vel
1282 1984 1361 2012 sic
1386 1974 1599 2011 tantum

218 2037 352 2092 i'pszs
395 2038 540 2080 vitae
588 2043 748 2094 poeta
810 2032 1121 2093 adfuderi't‚
1181 2036 1602 2082 (Necessitatem

218 2101 499 2146 Fortunae
536 2118 616 2160 pr
629 2109 1014 2155 amantem,
1051 2103 1333 2159 Fidemqiie
1369 2100 1600 2155 acSpem

219 2183 244 2210 c
266 2182 293 2208 o
319 2169 403 2210 mi
421 2175 523 2211 tes
560 2159 991 2227 eJusfingendo)
1028 2174 1284 2226 quantum
1324 2179 1468 2224 eris,
1503 2179 1602 2221 per

227 2238 395 2275 totam
432 2234 704 2289 picturam
734 2239 875 2278 recte
912 2233 1282 2291 dispensatae,
1319 2232 1451 2289 ipsis
1478 2228 1602 2275 clari

219 2303 450 2353 poterat.

663 2427 1158 2473 Adnotationes.

311 2566 345 2590 υ.
375 2563 390 2588 1
418 2563 498 2600 sqq.
531 2554 636 2600 Quae
658 2557 759 2602 regis
773 2555 959 2595 Antium,
988 2557 1114 2603 regina
1136 2556 1262 2597 Antii,
1295 2552 1476 2590 Fortuna;
1511 2557 1597 2584 nota

221 2615 388 2657 ratione,
427 2627 498 2665 qua
534 2618 591 2650 Dii
631 2615 806 2659 Ἐγχώριοι
846 2617 1012 2662 ejusdem
1052 2625 1168 2652 terrae
1206 2614 1393 2664 praesides
1419 2611 1596 2647 habentur

219 2673 297 2717 (sic
323 2675 505 2715 Venerem
526 2678 640 2726 Cypri
659 2679 834 2724 reginam
861 2677 951 2715 dixit
974 2687 1084 2729 poeta
1106 2679 1133 2716 Ι.
1159 2690 1219 2724 3ο.
1244 2689 1274 2715 ι.
1295 2676 1341 2714 cf.
1365 2674 1408 2712 ad
1434 2675 1465 2711 Ι.
1491 2684 1523 2718 3.
1552 2671 1597 2714 ιι)
