1779 3085
694 219 1060 275 ...637-

172 335 312 374 chum,
343 329 481 374 filium,
516 343 537 366 a
572 329 772 366 Memnone
806 330 854 366 ad
889 330 1042 379 Trojam
1077 327 1262 369 occisum,
1299 326 1385 363 dum
1418 335 1560 378 patrem

166 410 314 436 servare
363 400 529 444 cuperet.
601 392 697 427 Rem
738 393 852 440 tangit
883 391 994 427 Hom.
1033 388 1103 426 Od.
1130 389 1164 424 δ.
1199 393 1278 431 187.
1326 389 1421 425 adde
1452 390 1559 425 Pind-

177 456 289 504 Pyth.
333 469 362 492 ς.
397 458 452 492 25.
487 468 568 506 sqq.
615 453 740 501 Pugna
773 454 969 491 Antilochi
997 466 1078 490 cum
1101 451 1302 487 Memnone
1334 459 1387 487 est
1415 461 1457 487 eat
1484 451 1560 487 Ho-

171 521 262 555 meri
294 517 602 568 Paralipomenis:
640 525 794 553 tractata
822 517 916 553 adeo
947 530 967 552 a
1003 517 1128 563 Quint.
1166 513 1245 551 Cal.
1291 514 1338 548 11.
1369 519 1449 554 243.
1477 528 1559 566 sqq.

169 588 205 616 et
231 579 406 630 reliquit,
442 580 502 630 qui
528 578 805 615 Posthomerica
840 578 1065 620 conderent,
1101 576 1147 612 tle
1183 575 1315 627 quibus
1344 575 1426 611 vide
1450 576 1560 613 docte

168 648 205 678 et
235 647 359 675 curate
377 640 563 690 disputata
588 640 710 688 Heyn.
745 639 792 675 ad
811 640 915 687 Virg.
942 643 1036 676 Aen.
1073 638 1125 675 ΙΙ,
1151 637 1241 672 Exc.
1263 636 1293 671 I·
1321 644 1359 671 et
1383 637 1560 672 Wernsd.

167 703 268 739 Poet.
303 691 390 736 min}
416 702 462 738 T.
488 703 551 740 lv.
580 707 661 746 568.
685 716 766 754 sqq.
786 722 832 728 —-
867 701 1075 737 amabilem
1109 700 1248 749 pietate
1283 699 1317 731 in
1343 706 1556 747 parentem;

168 764 227 800 vel
256 765 403 801 omnino
427 767 528 813 φίλον
553 764 621 799 υἱδν
653 763 818 800 Homeri.
840 782 887 790 ·—
921 774 979 809 25.
1020 759 1161 802 Troili,
1196 759 1333 794 Priami
1371 757 1398 796 f.
1419 757 1531 792 fatum
1549 781 1561 800 ‚

165 826 266 878 quod
302 826 349 862 ad
389 825 672 862 Antehomerica
694 826 882 875 pertinet,
921 824 979 861 vel
1002 838 1021 861 e
1045 821 1152 869 Virg.
1191 816 1283 855 Aen'.
1311 820 1338 854 Ι.
1365 827 1446 860 474·
1471 820 1559 853 satia

165 897 306 925 notum·
342 888 438 925 vide
461 888 584 936 Heyn.
619 887 846 923 Exc.lel.
887 890 965 934 ejus
999 885 1102 923 libri.
1140 903 1186 912 —
1222 878 1437 927 impubem,
1480 887 1561 916 erat

167 952 266 988 enirn
297 962 395 997 puer
424 949 622 986 admodum
641 976 650 990 .
697 949 865 1000 adeoque
907 948 1035 994 impar
1064 956 1289 995 congressus
1315 941 1485 986 Achilli,
1521 950 1560 977 nt

169 1013 276 1062 Virg.
307 1014 334 1049 l.
360 1013 386 1049 l.
421 1011 577 1049 Sorores
606 1017 684 1063 ejus
712 1012 956 1048 Cassandram
991 1019 1026 1047 et
1062 1009 1221 1060 reliquas
1259 1008 1366 1043 finem
1395 1006 1562 1057 aliquan-

167 1074 216 1110 do
249 1075 410 1110 lacrimis
445 1076 612 1124 posuisse
643 1076 731 1118 ait,
777 1073 872 1110 forte
911 1086 992 1109 cum
1027 1072 1095 1113 vi,
1136 1084 1208 1123 quo
1241 1071 1357 1116 magis
1390 1068 1563 1116 Valgium

166 1140 283 1173 virum
319 1136 413 1172 haud
450 1137 566 1172 virilis
601 1136 814 1187 ejulationis
848 1149 935 1171 suae
970 1133 1142 1185 puderet.
1192 1131 1406 1178 Phrygiae,
1464 1130 1560 1165 Tro·

164 1202 281 1248 janue.
333 1199 484 1246 Vulgari
509 1197 619 1234 modo
646 1197 693 1234 ad
718 1196 887 1234 Troilum
920 1197 991 1232 hoc
1024 1194 1140 1246 epith.
1175 1202 1252 1229 erat
1283 1192 1559 1243 adponendum.

259 1273 296 1294 v.
328 1271 381 1299 ¹7.
407 1270 487 1305 sqq.
514 1257 662 1293 Desine
689 1259 931 1305 querelarum
951 1283 962 1300 ,
986 1257 1116 1309 queri,
1141 1267 1273 1302 graeca
1304 1254 1443 1295 forma,
1470 1253 1562 1294 λῆγε

169 1319 275 1365 γόων,
305 1316 491 1367 ι’δυρμῶν,
521 1333 580 1356 res
615 1328 713 1355 nota.
752 1318 961 1361 Mallium,
996 1331 1088 1368 quae
1112 1316 1324 1359 ostendunt,
1348 1324 1384 1351 te
1408 1315 1558 1364 Mystae

167 1390 324 1418 mortem
350 1382 459 1417 nimis
496 1381 668 1415 molliter
683 1380 818 1423 ferre,
857 1383 913 1423 (ut
939 1379 1069 1415 Senec.
1098 1392 1155 1429 ep.
1185 1378 1304 1413 XCIX
1337 1378 1406 1418 ait)
1427 1376 1560 1412 mulie.

166 1444 303 1481 brium.
350 1443 460 1479 Forte
494 1451 616 1479 tamen
646 1441 771 1493 paullo
806 1441 976 1478 acerbior
1008 1441 1100 1477 haec
1139 1442 1357 1487 castigatiot
1398 1438 1559 1489 ideoque

167 1507 286 1543 lenior
313 1507 406 1541 ratio
429 1505 575 1547 suadet,
605 1512 643 1540 ut
669 1503 891 1554 simpliciter
929 1504 1159 1554 accipiatur:
1196 1514 1289 1554 quae
1330 1499 1559 1535 desiderium

167 1577 266 1604 tuum
291 1566 463 1618 produnt·
514 1566 589 1602 Sed
616 1575 651 1602 et
679 1566 777 1614 elegi
809 1566 958 1609 molles,
993 1564 1144 1612 queruli
1169 1565 1367 1605 dicuntur,
1392 1561 1558 1613 quando-

165 1629 314 1680 quidem
337 1628 394 1664 his
422 1627 662 1675 querimonia
688 1629 850 1664 maxime
872 1627 1020 1662 inclusa
1045 1633 1102 1661 est
1128 1630 1192 1670 (A.
1217 1626 1252 1660 P.
1274 1627 1350 1669 75.)
1387 1626 1556 1675 Propert.

166 1689 198 1727 1.
224 1701 260 1736 7,
287 1700 343 1737 19.
370 1691 426 1724 Et
439 1691 599 1739 frustra
625 1691 752 1736 cupies
778 1689 936 1724 mollem
961 1700 1184 1733 componere
1205 1697 1378 1722 versum:
1417 1687 1477 1720 ubi
1503 1686 1556 1721 vi·

163 1750 212 1787 (le
248 1751 395 1787 doctam
419 1753 620 1786 Burmanni
647 1759 783 1786 notam·
801 1742 1033 1784 Hermes-ian.
1059 1749 1117 1783 Et.
1149 1762 1178 1783 v·
1201 1749 1257 1789 36.
1285 1748 1382 1799 apud
1405 1747 1558 1786 Ruhnk.

163 1812 231 1862 Ep.
263 1814 345 1847 crit.
371 1813 419 1846 Il.
445 1827 482 1860 p.
502 1802 583 1852 296.
614 1814 822 1857 Μίμνερμος
849 1808 888 1845 δέ
911 1808 991 1850 ’ἡδὺν
1019 1804 1051 1841 ὃς
1077 1804 1189 1856 εὕρετο
1223 1828 1262 1836 -
1287 1805 1392 1857 ἔχων,
1429 1812 1451 1863 ὲ
1479 1826 1557 1856 μα.

165 1878 223 1908 λα
241 1886 285 1906 10
302 1872 321 1904 ῢ
346 1871 471 1915 πνεῦμ’
497 1871 562 1906 οἶαι)
586 1883 741 1906 *arura
758 1884 784 1908 μ.
803 1869 962 1917 ε’τρου.
991 1874 1114 1922 Atque
1146 1871 1350 1908 doctiorem
1379 1874 1473 1910 hanc
1499 1889 1556 1911 ra-

164 1935 300 1970 tionem
327 1933 532 1983 praeferam
558 1941 706 1983 propter
734 1945 766 1967 v.
791 1941 823 1974 9.
853 1934 1007 1968 maxime
1034 1946 1119 1969 vero
1141 1943 1293 1984 propter
1320 1939 1552 1980 sententiam,

163 2009 258 2048 quae
289 1998 412 2031 statim
435 1994 642 2044 subjicitur.
693 1993 734 2027 In
760 1993 916 2028 tandem
951 1996 1061 2030 totius
1086 1999 1290 2032 sententiae
1325 2000 1377 2033 vis
1417 2013 1555 2049 ponen-

164 2059 226 2097 da.
250 2079 298 2086 —
325 2063 376 2097 18.
414 2059 604 2110 Exquisita
640 2059 879 2092 conversione
903 2069 923 2092 a
958 2070 1125 2093 moerore
1166 2059 1333 2106 Valgium
1369 2059 1554 2099 abducere

172 2122 292 2157 studet
319 2129 426 2171 poeta
453 2120 537 2155 dum
565 2133 645 2155 eum
669 2117 716 2170 acl
741 2117 924 2153 canendos
950 2121 1101 2166 Augusti
1128 2120 1335 2170 triumphos
1359 2124 1484 2174 sit-que
1506 2126 1554 2161 nd

167 2183 357 2236 publicam
384 2181 560 2218 laetitiam
597 2181 824 2216 exhortatur.
850 2198 896 2207 -υ
921 2191 1016 2214 ηουα
1051 2185 1209 2227 tropaea
1234 2184 1406 2218 victorias
1433 2188 1556 2233 Augu-

164 2248 212 2284 ati
243 2252 432 2285 recentes,
475 2243 520 2278 ab
548 2244 757 2284 Armeniis,
785 2241 930 2277 Parthis
958 2249 993 2277 et
1019 2242 1173 2277 Gelonis
1201 2252 1422 2292 reportatas.
1473 2247 1553 2284 Jam

168 2311 236 2347 etsi
267 2308 450 2354 Augustus
478 2303 616 2340 nullum
645 2317 687 2340 ex
712 2304 770 2340 his
797 2303 970 2353 populum
995 2306 1104 2338 armis
1130 2305 1405 2354 perdomuerit3
1431 2310 1553 2346 solent

167 2368 288 2407 tamen
316 2369 385 2404 hae
415 2381 472 2403 res
497 2367 651 2403 mirifice
677 2368 801 2410 augeri
827 2365 1116 2418 amplificarique
1130 2365 1176 2401 ab
1200 2370 1335 2410 aetatis
1352 2371 1455 2406 istius
1467 2387 1553 2421 poe.

166 2436 212 2469 tis
239 2445 280 2468 ac
302 2433 332 2467 si
354 2443 436 2466 vere
464 2431 553 2465 istae
580 2437 705 2476 gentes
733 2430 900 2465 Romano
928 2430 1082 2479 imperio
1107 2429 1272 2477 adjectae
1286 2430 1433 2468 fuerint.
1464 2434 1552 2470 Glo-

168 2495 358 2531 riosissimi
389 2491 482 2527 adeo
510 2491 686 2541 triumphi
713 2493 825 2526 instar
837 2489 1052 2531 habebatur,
1070 2490 1168 2541 quod
1180 2491 1368 2537 Phraates,
1394 2506 1455 2530 rex
1468 2494 1551 2531 Par.

167 2558 325 2598 thorum,
349 2554 526 2600 Augusto,
566 2566 674 2604 quum
698 2567 732 2589 a.
757 2554 802 2590 U.
828 2553 1098 2590 DCCXXXIV⁴
1133 2556 1171 2590 in
1205 2554 1294 2591 Asia
1321 2564 1523 2593 versaretur
1536 2584 1549 2601 Ι,

167 2618 324 2654 nominis
353 2614 449 2650 fama
474 2615 621 2650 territus
647 2616 762 2661 signa,
797 2614 902 2650 clade
937 2615 1062 2650 Crassi
1099 2617 1243 2658 amissa,
1277 2628 1359 2651 cum
1395 2620 1551 2667 captivis

173 2684 398 2720 remitteret.
427 2691 462 2718 7.
492 2678 563 2714 Dio
584 2676 683 2713 LIV.
710 2679 741 2715 8.
769 2684 803 2713 et
827 2678 877 2711 cl.
903 2675 972 2712 111.
997 2682 1032 2718 5.
1049 2678 1130 2714 init.
1155 2679 1372 2717 ovationem
1393 2679 1493 2724 ideo,
1518 2690 1554 2720 et
