1779 3085
639 202 1014 245 „m-

140 307 236 342 hanc·
257 307 453 354 imaginem
485 304 644 340 traduxit
679 302 849 338 Pratinas
871 317 906 341 c.
930 304 976 338 1.=
1009 305 1123 338 Παῒε
1156 305 1312 354 (thyrso
1348 311 1525 355 percute)

138 368 195 403 τὶν
224 370 394 413 Φρυναίου
419 366 463 412 (s.
492 366 672 412 φροιμίου)
696 369 863 398 ποικίλου
887 365 1123 409 ηοανὲχοντα,
1146 370 1182 403 h.
1207 369 1344 417 inspira
1378 370 1525 404 numine

135 439 197 466 tuo
223 430 443 477 choragum,
470 422 583 474 φλέγε
627 423 687 463 τὶν
723 424 1119 470 ὁλολυγλαλοκάλαμον
1155 431 1532 477 λαλοβαρυιπαραμε·

134 488 439 537 λοῤῥυθμοβοὶταν
466 495 538 524 cet.
570 487 600 523 E
626 488 761 523 Nostro
792 485 954 536 profecit
988 487 1099 524 ovid.
1133 491 1263 524 Amor.
1300 490 1366 527 111.
1404 502 1435 527 ι.
1467 500 1530 533 23.

141 549 304 594 Tempus
339 554 421 584 erat
450 548 583 593 thyrso
612 549 770 593 pulsum
797 550 978 594 graviore
1008 549 1176 587 moveri‚·
1211 556 1401 586 cessatum
1431 553 1529 587 satis

135 617 206 654 est,
231 609 355 656 incipe
380 611 506 655 majus
524 620 642 654 opus:
669 617 704 646 et
728 610 849 659 ejusd.
879 609 946 647 lib.
968 623 1001 646 c.
1027 619 1080 651 15.
1111 622 1164 655 ¹7·
1201 610 1383 660 Corniger
1412 615 1531 649 incre-

134 673 225 719 puit
251 673 382 717 thyrso
397 669 579 718 graviore
599 669 764 715 Lyaeus,
787 671 984 717 pulsanda
1009 676 1068 706 est
1090 671 1257 718 {magnis
1288 686 1380 709 area
1410 679 1534 720 major

141 735 262 782 equis.
285 736 404 772 Idem.
423 733 539 769 Trist.
565 732 631 769 1V-
651 744 681 769 1.
705 737 762 775 43.
793 738 900 767 mota
929 734 1055 768 calent
1083 734 1204 769 viridi
1236 748 1324 770 mea
1355 743 1531 782 tempora

144 798 291 843 thyrso.
319 797 470 834 Possunt
485 799 597 832 etiarn
621 794 759 833 verba:
780 796 897 840 gravi
912 797 1116 831 metuende
1137 798 1268 842 thyrso
1289 807 1421 835 ornate
1454 809 1536 836 tan.

139 867 215 892 tum
239 858 389 906 adjecta
409 855 555 899 videri3
580 863 618 892 ut
643 856 852 892 declaretur
888 857 1061 892 Bacchus
1099 859 1331 905 θυρσοφόρος,
1370 863 1534 907 Separor,-

140 918 258 958 νάπης
280 918 418 970 (Orph.
445 919 493 955 H.
513 917 577 953 LI.
604 917 660 963 4.)
682 913 794 963 θῦρσῳ
819 914 928 952 δεινᾶς
948 916 1094 968 (Epigr.
1126 918 1259 959 CCLI.
1287 932 1319 956 2.
1358 923 1393 957 in
1427 923 1537 958 Anal-

137 981 202 1017 Bt.
223 980 288 1015 111.
311 981 412 1026 201.)
441 980 571 1016 eadem
604 979 683 1015 fero
718 981 889 1021 ratione,
925 991 997 1029 qua
1027 979 1199 1017 Phoebus
1234 978 1406 1024 ἑκηβόλος
1431 989 1536 1020 certa

142 1042 370 1076 metuendus
389 1040 539 1088 sagitta
560 1042 589 1078 I.
617 1051 672 1079 12.
699 1050 758 1086 23.
787 1039 865 1078 Sed
883 1039 1040 1077 alterum
1064 1042 1287 1092 phantasma
1308 1044 1474 1083 nobilius
1486 1055 1539 1083 at·

138 1118 209 1156 que
232 1104 272 1138 h.
294 1104 320 1141 l.
342 1102 678 1140 adcommodatius.

230 1177 264 1204 υ,
284 1177 318 1213 9.
336 1166 525 1202 Bacchum
544 1178 686 1209 canam,
706 1164 752 1200 ab
779 1166 859 1215 ipso
878 1166 1074 1208 excitatus,
1097 1165 1229 1215 plenus
1252 1167 1329 1206 iilo.
1382 1170 1458 1205 Fas
1477 1174 1537 1205 est

139 1230 296 1265 virtutes
319 1238 354 1265 et
379 1242 483 1265 sacra
503 1229 645 1265 Bacchi
672 1227 889 1274 celebrare3
914 1227 1024 1279 plane
1060 1238 1099 1265 ut
1127 1229 1293 1268 Pratinas
1326 1231 1353 1266 l.
1389 1232 1413 1267 l.
1445 1231 1502 1274 ἐμ
1518 1232 1539 1266 ἓ

136 1290 159 1326 3
173 1296 209 1325 εἴ
230 1290 415 1335 κελαδεῖν,
437 1290 519 1336 ἐμὲ
542 1291 614 1326 δεῖ
630 1291 806 1333 παταγεῖν
835 1289 1026 1337 Thyiades
1061 1302 1091 1328 s,
1118 1291 1286 1328 Bacchae
1323 1293 1542 1340 pervicaces

134 1352 338 1390 indomitae
358 1350 530 1397 effrenes,
552 1353 675 1389 furore
712 1360 920 1403 correptae.
973 1353 1053 1388 Nisi
1082 1352 1229 1402 linguae
1259 1356 1355 1390 ratio
1387 1353 1539 1390 obstare

137 1416 340 1460 videretur,
371 1415 523 1450 mallem
549 1414 724 1465 equidem
749 1417 1003 1463 interpretari,
1025 1413 1123 1451 coila
1142 1419 1352 1462 jactantes,
1379 1417 1541 1463 imagine

137 1491 157 1513 a
185 1480 298 1513 tauris
320 1481 448 1526 jugum
469 1475 762 1513 detrectantibus
784 1479 914 1526 petita.
964 1476 1048 1512 Hoc
1071 1478 1170 1513 enim
1195 1479 1413 1528 pervicaces
1436 1485 1538 1513 recte

140 1540 214 1576 dici
240 1552 347 1587 posse
378 1541 437 1575 vix
457 1538 638 1576 dubitem.
660 1540 797 1575 Essent
812 1537 906 1574 adeo
927 1538 1098 1575 Bacchae
1126 1535 1349 1585 ῥιψαύχενες,
1383 1535 1544 1583 ὑψαύχε-

140 1614 204 1645 ινες,
233 1611 270 1637 ut
294 1604 440 1652 saepius
462 1601 509 1639 de
534 1603 579 1637 iis
602 1610 749 1652 poetae.
774 1600 914 1638 Catull.
935 1600 1082 1639 LXIII.
1111 1603 1176 1638 23.
1204 1600 1259 1634 Ut
1279 1599 1409 1647 capita
1436 1602 1546 1635 Mae-

137 1663 255 1698 nades
274 1664 312 1697 vi
327 1665 486 1709 jaciunt
518 1664 774 1709 hederigerae.
802 1663 860 1699 Cf.
887 1662 1045 1698 eundem
1073 1661 1212 1697 LXIV.
1238 1662 1322 1706 ⁹56.
1352 1661 1472 1706 Quem
1485 1663 1545 1698 ea-

135 1724 290 1762 rundem
316 1725 485 1761 habitum
504 1727 618 1760 etiam
642 1727 680 1758 in
704 1723 952 1758 monumentis
968 1722 1130 1772 antiquis
1147 1720 1346 1758 admodum
1362 1722 1539 1774 frequen·

135 1789 205 1824 tari
233 1788 370 1824 videas.
393 1805 438 1813 —
464 1794 522 1821 ιο.
545 1784 687 1819 Ornate
713 1796 806 1832 pro:
828 1790 867 1817 ut
889 1784 1011 1819 vinum
1033 1790 1071 1818 et
1106 1781 1164 1818 lac
1201 1785 1355 1832 copiose
1383 1795 1404 1817 e
1440 1791 1541 1820 terra

138 1851 270 1902 thyrso
300 1851 395 1892 icta,
427 1845 655 1897 profluxerit.
703 1844 780 1881 Res
804 1846 841 1879 in
874 1844 1095 1881 miraculum
1129 1857 1260 1887 versa,
1295 1857 1368 1896 qua
1398 1845 1544 1881 Bacchi

136 1908 350 1950 ἐπιφάνειαν
371 1910 512 1958 priscus
533 1919 654 1943 sermo
675 1905 900 1956 simpliciter
931 1906 1206 1942 manifestabat.
1254 1905 1412 1945 Scilicet
1445 1911 1539 1946 Bac-

136 1974 223 2017 che,
262 1972 470 2021 ceterisque
491 1966 702 2003 numinibus
717 1993 728 2010 ‚
759 1980 852 2019 quae
874 1976 1026 2016 vegetae
1047 1976 1157 2020 atque
1187 1972 1451 2019 procreatricis
1477 1984 1539 2006 na-

139 2044 244 2071 turae
268 2040 388 2068 essent
413 2029 599 2080 symbola,
625 2028 905 2080 adparentibus,
933 2031 1053 2065 omnia
1075 2032 1199 2067 statim
1213 2043 1341 2068 eorum
1359 2031 1539 2083 adspectu

138 2094 390 2136 efflorescere,
423 2093 719 2142 progerminare‚
745 2099 954 2142 terramque
975 2090 1143 2129 ubertate
1177 2095 1281 2145 quasi
1317 2095 1537 2131 intumesce-

137 2171 193 2201 re,
216 2157 311 2193 unde
338 2157 501 2190 maxima
521 2154 683 2188 omniurn
698 2165 817 2188 rerum
842 2162 1076 2203 promanaret
1095 2156 1216 2205 copia,
1235 2156 1386 2207 antiqua
1419 2154 1536 2203 singe-

141 2220 204 2255 bat
229 2217 375 2267 religio.
397 2215 494 2251 Vide
535 2215 591 2250 vel
617 2214 725 2250 Hom.
753 2215 799 2250 H.
826 2218 861 2250 in
894 2217 1034 2253 Bacch.
1067 2223 1126 2259 35.
1160 2230 1264 2270 seqq.
1288 2217 1392 2266 Virg.
1415 2219 1462 2253 G.
1483 2218 1531 2253 11.

139 2291 223 2329 390.
242 2289 278 2316 et
302 2278 370 2314 Sil.
390 2278 473 2313 ltal-
509 2276 595 2312 vn,
622 2287 700 2323 192.
727 2274 914 2313 Summam
939 2287 1062 2314 autem
1084 2278 1291 2316 ubertatem
1320 2280 1448 2330 plures
1473 2295 1537 2317 an·

140 2344 323 2394 tiquiores
348 2339 476 2390 populi
499 2339 690 2375 declarant
711 2352 777 2389 per
798 2341 872 2376 vini
894 2353 938 2376 ac
960 2341 1069 2377 lactis
1094 2341 1214 2379 fontes
1240 2357 1261 2379 e
1291 2349 1390 2379 terra
1413 2351 1537 2380 scatu-

138 2407 292 2446 rientes,
315 2411 350 2438 et
372 2401 496 2437 mellis
517 2403 663 2451 copiam
686 2402 724 2436 in
747 2409 882 2437 terram
903 2401 1140 2439 defluentem.
1190 2403 1300 2440 Unde
1323 2412 1361 2441 et
1381 2416 1533 2440 auream

139 2473 299 2501 aetatem
321 2463 378 2499 his
401 2460 482 2499 tere
502 2461 691 2499 coloribus
713 2475 735 2497 a
760 2464 879 2514 poetis
900 2462 1051 2514 depingi
1084 2465 1225 2503 videas.
1257 2466 1355 2502 Vide
1387 2464 1535 2501 Tibull.

136 2525 173 2560 Ι.
193 2538 230 2571 3.
255 2537 316 2570 45.
338 2533 374 2562 et
395 2524 448 2561 ihi
473 2525 590 2574 Heyn.
615 2524 804 2561 Traducta
831 2538 916 2561 mox
943 2526 1036 2563 haec
1057 2529 1178 2577 imago
1209 2529 1378 2579 inprimis
1401 2527 1452 2563 ad
1473 2540 1529 2564 sa·

137 2602 204 2626 cra
227 2589 428 2630 Bacchica,
456 2589 491 2623 in
521 2589 643 2639 iisque
677 2589 774 2624 inter
801 2588 942 2625 Bacchi
971 2591 1149 2627 miracula
1181 2597 1456 2642 repraesentata
1483 2601 1529 2626 ae

138 2650 340 2691 celebrata.
361 2651 586 2687 Notissimus
601 2649 705 2690 locus
729 2649 858 2702 Eurip.
877 2652 1018 2692 Bacch.
1040 2663 1106 2698 142
1130 2666 1213 2706 sqq.
1245 2649 1318 2689 Ῥεῖ
1327 2651 1371 2689 δι’
1390 2650 1532 2699 ’γάλακι
