<?xml version="1.0" encoding="UTF-8"?>
<!DOCTYPE html PUBLIC "-//W3C//DTD XHTML 1.0 Transitional//EN"
    "http://www.w3.org/TR/xhtml1/DTD/xhtml1-transitional.dtd">
<html xmlns="http://www.w3.org/1999/xhtml" xml:lang="en" lang="en">
 <head>
  <title>
</title>
<meta http-equiv="Content-Type" content="text/html;charset=utf-8" />
  <meta name='ocr-system' content='tesseract 3.04.00' />
  <meta name='ocr-capabilities' content='ocr_page ocr_carea ocr_par ocr_line ocrx_word'/>
</head>
<body>
  <div class='ocr_page' id='page_1' title='image "./quintihoratiifla01horauoft_0017.png"; bbox 0 0 1834 3117; ppageno 0'>
   <div class='ocr_carea' id='block_1_1' title="bbox 686 178 1040 215">
    <p class='ocr_par' dir='ltr' id='par_1_1' title="bbox 686 178 1040 215">
     <span class='ocr_line' id='line_1_1' title="bbox 686 178 1040 215; baseline -0.011 -14"><span class='ocrx_word' id='word_1_1' title='bbox 686 192 742 201; x_wconf 87' lang='grc'><strong>-.</strong></span> <span class='ocrx_word' id='word_1_2' title='bbox 842 178 891 215; x_wconf 80' lang='lat'><strong>¹5</strong></span> <span class='ocrx_word' id='word_1_3' title='bbox 983 186 1040 197; x_wconf 76' lang='lat'><em>...-</em></span> 
     </span>
    </p>
   </div>
   <div class='ocr_carea' id='block_1_2' title="bbox 63 279 1609 2762">
    <p class='ocr_par' dir='ltr' id='par_1_2' title="bbox 145 279 1570 1155">
     <span class='ocr_line' id='line_1_2' title="bbox 156 279 1566 345; baseline -0.007 -7"><span class='ocrx_word' id='word_1_4' title='bbox 156 284 321 337; x_wconf 78' lang='lat' dir='ltr'><strong>oculis</strong></span> <span class='ocrx_word' id='word_1_5' title='bbox 370 282 510 332; x_wconf 83' lang='lat' dir='ltr'><strong>ferre</strong></span> <span class='ocrx_word' id='word_1_6' title='bbox 553 280 738 336; x_wconf 89' lang='lat' dir='ltr'><strong>debet,</strong></span> <span class='ocrx_word' id='word_1_7' title='bbox 775 281 943 328; x_wconf 88' lang='lat' dir='ltr'><strong>multo</strong></span> <span class='ocrx_word' id='word_1_8' title='bbox 996 280 1168 345; x_wconf 86' lang='lat' dir='ltr'><strong>magis</strong></span> <span class='ocrx_word' id='word_1_9' title='bbox 1208 279 1482 333; x_wconf 84' lang='lat' dir='ltr'><strong>consulet,</strong></span> <span class='ocrx_word' id='word_1_10' title='bbox 1520 281 1566 329; x_wconf 82' lang='lat' dir='ltr'><strong>si</strong></span> 
     </span>
     <span class='ocr_line' id='line_1_3' title="bbox 157 360 1565 427; baseline -0.007 -10"><span class='ocrx_word' id='word_1_11' title='bbox 157 364 407 417; x_wconf 88' lang='lat' dir='ltr'><strong>continua</strong></span> <span class='ocrx_word' id='word_1_12' title='bbox 453 362 800 411; x_wconf 76' lang='lat' dir='ltr'>adnotatione</span> <span class='ocrx_word' id='word_1_13' title='bbox 854 367 1048 427; x_wconf 69' lang='lat' dir='ltr'><strong>poetae</strong></span> <span class='ocrx_word' id='word_1_14' title='bbox 1096 360 1381 410; x_wconf 88' lang='lat' dir='ltr'><strong>lectionem</strong></span> <span class='ocrx_word' id='word_1_15' title='bbox 1422 360 1565 424; x_wconf 87' lang='lat' dir='ltr'><strong>adju·</strong></span> 
     </span>
     <span class='ocr_line' id='line_1_4' title="bbox 152 443 1565 512; baseline -0.005 -16"><span class='ocrx_word' id='word_1_16' title='bbox 152 457 267 500; x_wconf 80' lang='lat' dir='ltr'><strong>vet,</strong></span> <span class='ocrx_word' id='word_1_17' title='bbox 313 444 551 512; x_wconf 85' lang='lat' dir='ltr'><strong>partium</strong></span> <span class='ocrx_word' id='word_1_18' title='bbox 592 443 728 491; x_wconf 89' lang='lat' dir='ltr'><strong>inter</strong></span> <span class='ocrx_word' id='word_1_19' title='bbox 757 458 813 491; x_wconf 91' lang='lat' dir='ltr'><strong>se</strong></span> <span class='ocrx_word' id='word_1_20' title='bbox 854 446 1149 506; x_wconf 87' lang='lat' dir='ltr'><strong>junctarum</strong></span> <span class='ocrx_word' id='word_1_21' title='bbox 1196 449 1367 489; x_wconf 88' lang='lat' dir='ltr'><strong>artem</strong></span> <span class='ocrx_word' id='word_1_22' title='bbox 1407 450 1565 505; x_wconf 84' lang='lat' dir='ltr'><strong>atque</strong></span> 
     </span>
     <span class='ocr_line' id='line_1_5' title="bbox 153 520 1566 589; baseline -0.008 -11"><span class='ocrx_word' id='word_1_23' title='bbox 153 541 486 587; x_wconf 85' lang='lat' dir='ltr'><strong>consensum,</strong></span> <span class='ocrx_word' id='word_1_24' title='bbox 527 520 966 589; x_wconf 81' lang='lat' dir='ltr'><strong>phantasmatum</strong></span> <span class='ocrx_word' id='word_1_25' title='bbox 1027 524 1162 573; x_wconf 88' lang='lat' dir='ltr'><strong>vim,</strong></span> <span class='ocrx_word' id='word_1_26' title='bbox 1213 521 1566 585; x_wconf 82' lang='lat' dir='ltr'><strong>eloquutionis</strong></span> 
     </span>
     <span class='ocr_line' id='line_1_6' title="bbox 148 598 1563 671; baseline -0.008 -12"><span class='ocrx_word' id='word_1_27' title='bbox 148 611 373 659; x_wconf 82' lang='lat' dir='ltr'><strong>virtutes</strong></span> <span class='ocrx_word' id='word_1_28' title='bbox 396 605 557 671; x_wconf 89' lang='lat' dir='ltr'><strong>plano</strong></span> <span class='ocrx_word' id='word_1_29' title='bbox 586 604 771 653; x_wconf 89' lang='lat' dir='ltr'><strong>ordine</strong></span> <span class='ocrx_word' id='word_1_30' title='bbox 796 614 1035 655; x_wconf 87' lang='lat' dir='ltr'><strong>retextas</strong></span> <span class='ocrx_word' id='word_1_31' title='bbox 1066 598 1360 669; x_wconf 84' lang='lat' dir='ltr'>perspicuis</span> <span class='ocrx_word' id='word_1_32' title='bbox 1387 600 1563 648; x_wconf 86' lang='lat' dir='ltr'><strong>verbis</strong></span> 
     </span>
     <span class='ocr_line' id='line_1_7' title="bbox 145 683 1568 751; baseline -0.006 -15"><span class='ocrx_word' id='word_1_33' title='bbox 145 688 404 740; x_wconf 88' lang='lat' dir='ltr'><strong>illustret;</strong></span> <span class='ocrx_word' id='word_1_34' title='bbox 441 685 580 735; x_wconf 90' lang='lat' dir='ltr'><strong>unde</strong></span> <span class='ocrx_word' id='word_1_35' title='bbox 619 686 896 736; x_wconf 80' lang='lat' dir='ltr'><strong>erectioris</strong></span> <span class='ocrx_word' id='word_1_36' title='bbox 935 684 1130 734; x_wconf 87' lang='lat' dir='ltr'><strong>indolis</strong></span> <span class='ocrx_word' id='word_1_37' title='bbox 1167 685 1387 751; x_wconf 82' lang='lat' dir='ltr'><strong>juvenes</strong></span> <span class='ocrx_word' id='word_1_38' title='bbox 1422 683 1568 746; x_wconf 77' lang='lat' dir='ltr'><strong>iuge-</strong></span> 
     </span>
     <span class='ocr_line' id='line_1_8' title="bbox 145 762 1570 832; baseline -0.008 -14"><span class='ocrx_word' id='word_1_39' title='bbox 145 770 291 818; x_wconf 90' lang='lat' dir='ltr'><strong>nium</strong></span> <span class='ocrx_word' id='word_1_40' title='bbox 320 766 390 814; x_wconf 89' lang='lat' dir='ltr'><strong>ad</strong></span> <span class='ocrx_word' id='word_1_41' title='bbox 427 765 778 818; x_wconf 84' lang='lat' dir='ltr'><strong>humanitatis</strong></span> <span class='ocrx_word' id='word_1_42' title='bbox 816 783 1031 817; x_wconf 88' lang='lat' dir='ltr'><strong>sensum</strong></span> <span class='ocrx_word' id='word_1_43' title='bbox 1059 765 1282 832; x_wconf 85' lang='lat' dir='ltr'><strong>fingere,</strong></span> <span class='ocrx_word' id='word_1_44' title='bbox 1312 776 1376 809; x_wconf 86' lang='lat' dir='ltr'><strong>ac</strong></span> <span class='ocrx_word' id='word_1_45' title='bbox 1403 762 1570 827; x_wconf 82' lang='lat' dir='ltr'><strong>poeti-</strong></span> 
     </span>
     <span class='ocr_line' id='line_1_9' title="bbox 148 840 1569 913; baseline -0.008 -14"><span class='ocrx_word' id='word_1_46' title='bbox 148 865 336 900; x_wconf 86' lang='lat' dir='ltr'><strong>carum</strong></span> <span class='ocrx_word' id='word_1_47' title='bbox 354 850 631 899; x_wconf 88' lang='lat' dir='ltr'><strong>notionum</strong></span> <span class='ocrx_word' id='word_1_48' title='bbox 650 884 661 905; x_wconf 89' lang='lat'>‚</span> <span class='ocrx_word' id='word_1_49' title='bbox 690 865 821 913; x_wconf 86' lang='lat' dir='ltr'><strong>quas</strong></span> <span class='ocrx_word' id='word_1_50' title='bbox 844 859 897 897; x_wconf 89' lang='lat' dir='ltr'><strong>et</strong></span> <span class='ocrx_word' id='word_1_51' title='bbox 923 847 992 896; x_wconf 92' lang='lat' dir='ltr'><strong>ad</strong></span> <span class='ocrx_word' id='word_1_52' title='bbox 1018 846 1154 896; x_wconf 90' lang='lat' dir='ltr'><strong>alios</strong></span> <span class='ocrx_word' id='word_1_53' title='bbox 1185 851 1377 911; x_wconf 89' lang='lat' dir='ltr'><strong>poetas</strong></span> <span class='ocrx_word' id='word_1_54' title='bbox 1415 840 1569 890; x_wconf 78' lang='lat' dir='ltr'><strong>intel·</strong></span> 
     </span>
     <span class='ocr_line' id='line_1_10' title="bbox 146 919 1570 996; baseline -0.005 -20"><span class='ocrx_word' id='word_1_55' title='bbox 146 928 394 996; x_wconf 84' lang='lat' dir='ltr'><strong>ligendos</strong></span> <span class='ocrx_word' id='word_1_56' title='bbox 444 945 567 978; x_wconf 89' lang='lat' dir='ltr'><strong>cum</strong></span> <span class='ocrx_word' id='word_1_57' title='bbox 599 929 771 979; x_wconf 83' lang='lat' dir='ltr'><strong>fructu</strong></span> <span class='ocrx_word' id='word_1_58' title='bbox 810 927 1165 978; x_wconf 78' lang='lat' dir='ltr'><strong>transferant,</strong></span> <span class='ocrx_word' id='word_1_59' title='bbox 1201 924 1416 990; x_wconf 88' lang='lat' dir='ltr'><strong>copiam</strong></span> <span class='ocrx_word' id='word_1_60' title='bbox 1467 919 1570 969; x_wconf 80' lang='lat' dir='ltr'><strong>sibi</strong></span> 
     </span>
     <span class='ocr_line' id='line_1_11' title="bbox 146 1003 1568 1076; baseline -0.006 -19"><span class='ocrx_word' id='word_1_61' title='bbox 146 1023 368 1076; x_wconf 86' lang='lat' dir='ltr'><strong>parare,</strong></span> <span class='ocrx_word' id='word_1_62' title='bbox 407 1012 733 1075; x_wconf 87' lang='lat' dir='ltr'><strong>omninoque</strong></span> <span class='ocrx_word' id='word_1_63' title='bbox 758 1025 945 1062; x_wconf 87' lang='lat' dir='ltr'><strong>veram</strong></span> <span class='ocrx_word' id='word_1_64' title='bbox 969 1003 1362 1074; x_wconf 85' lang='lat' dir='ltr'><strong>interpretandi</strong></span> <span class='ocrx_word' id='word_1_65' title='bbox 1394 1011 1568 1051; x_wconf 88' lang='lat' dir='ltr'><strong>artem</strong></span> 
     </span>
     <span class='ocr_line' id='line_1_12' title="bbox 148 1088 679 1155; baseline 0 -19"><span class='ocrx_word' id='word_1_66' title='bbox 148 1088 430 1137; x_wconf 83' lang='lat' dir='ltr'><strong>addiscere</strong></span> <span class='ocrx_word' id='word_1_67' title='bbox 467 1099 679 1155; x_wconf 83' lang='lat' dir='ltr'><strong>queant.</strong></span> 
     </span>
    </p>

    <p class='ocr_par' dir='ltr' id='par_1_3' title="bbox 63 1161 1573 2036">
     <span class='ocr_line' id='line_1_13' title="bbox 279 1161 1571 1218; baseline -0.004 -3"><span class='ocrx_word' id='word_1_68' title='bbox 279 1167 426 1216; x_wconf 83' lang='lat' dir='ltr'><strong>Inter</strong></span> <span class='ocrx_word' id='word_1_69' title='bbox 477 1169 615 1218; x_wconf 85' lang='lat' dir='ltr'><strong>haec</strong></span> <span class='ocrx_word' id='word_1_70' title='bbox 661 1170 843 1218; x_wconf 88' lang='lat' dir='ltr'><strong>omnia</strong></span> <span class='ocrx_word' id='word_1_71' title='bbox 888 1167 1237 1217; x_wconf 85' lang='lat' dir='ltr'><strong>subtilitatem</strong></span> <span class='ocrx_word' id='word_1_72' title='bbox 1287 1161 1571 1212; x_wconf 85' lang='lat' dir='ltr'><strong>adhibebit</strong></span> 
     </span>
     <span class='ocr_line' id='line_1_14' title="bbox 150 1247 1570 1311; baseline -0.004 -17"><span class='ocrx_word' id='word_1_73' title='bbox 150 1247 412 1307; x_wconf 83' lang='lat' dir='ltr'><strong>criticam,</strong></span> <span class='ocrx_word' id='word_1_74' title='bbox 452 1247 623 1311; x_wconf 90' lang='lat' dir='ltr'><strong>deque</strong></span> <span class='ocrx_word' id='word_1_75' title='bbox 656 1249 1038 1297; x_wconf 85' lang='lat' dir='ltr'><strong>sententiarum</strong></span> <span class='ocrx_word' id='word_1_76' title='bbox 1072 1247 1325 1299; x_wconf 85' lang='lat' dir='ltr'><strong>veritate,</strong></span> <span class='ocrx_word' id='word_1_77' title='bbox 1361 1257 1570 1308; x_wconf 86' lang='lat' dir='ltr'><strong>quaeve</strong></span> 
     </span>
     <span class='ocr_line' id='line_1_15' title="bbox 150 1323 1571 1389; baseline -0.003 -15"><span class='ocrx_word' id='word_1_78' title='bbox 150 1325 246 1374; x_wconf 86' lang='lat' dir='ltr'><strong>sub</strong></span> <span class='ocrx_word' id='word_1_79' title='bbox 284 1327 401 1373; x_wconf 87' lang='lat' dir='ltr'><strong>veri</strong></span> <span class='ocrx_word' id='word_1_80' title='bbox 427 1333 632 1373; x_wconf 87' lang='lat' dir='ltr'><strong>tantum</strong></span> <span class='ocrx_word' id='word_1_81' title='bbox 662 1326 843 1389; x_wconf 89' lang='lat' dir='ltr'><strong>specie</strong></span> <span class='ocrx_word' id='word_1_82' title='bbox 878 1324 1319 1374; x_wconf 87' lang='lat' dir='ltr'><strong>adblandiantur‚</strong></span> <span class='ocrx_word' id='word_1_83' title='bbox 1368 1323 1571 1371; x_wconf 84' lang='lat' dir='ltr'><strong>fucato-</strong></span> 
     </span>
     <span class='ocr_line' id='line_1_16' title="bbox 150 1403 1572 1471; baseline -0.001 -19"><span class='ocrx_word' id='word_1_84' title='bbox 150 1421 251 1471; x_wconf 90' lang='lat' dir='ltr'><strong>que</strong></span> <span class='ocrx_word' id='word_1_85' title='bbox 309 1404 492 1453; x_wconf 89' lang='lat' dir='ltr'><strong>colore</strong></span> <span class='ocrx_word' id='word_1_86' title='bbox 542 1412 779 1453; x_wconf 89' lang='lat' dir='ltr'><strong>mentem</strong></span> <span class='ocrx_word' id='word_1_87' title='bbox 826 1414 1074 1467; x_wconf 80' lang='lat' dir='ltr'><strong>teneant,</strong></span> <span class='ocrx_word' id='word_1_88' title='bbox 1113 1404 1238 1469; x_wconf 88' lang='lat' dir='ltr'><strong>quid</strong></span> <span class='ocrx_word' id='word_1_89' title='bbox 1287 1413 1431 1453; x_wconf 87' lang='lat' dir='ltr'><strong>recte</strong></span> <span class='ocrx_word' id='word_1_90' title='bbox 1485 1403 1572 1453; x_wconf 86' lang='lat' dir='ltr'><strong>vel</strong></span> 
     </span>
     <span class='ocr_line' id='line_1_17' title="bbox 155 1482 1568 1553; baseline -0.001 -21"><span class='ocrx_word' id='word_1_91' title='bbox 155 1500 336 1539; x_wconf 78' lang='lat' dir='ltr'><strong>secus,</strong></span> <span class='ocrx_word' id='word_1_92' title='bbox 375 1484 503 1549; x_wconf 90' lang='lat' dir='ltr'><strong>quid</strong></span> <span class='ocrx_word' id='word_1_93' title='bbox 539 1484 789 1553; x_wconf 82' lang='lat' dir='ltr'><strong>ambigue</strong></span> <span class='ocrx_word' id='word_1_94' title='bbox 826 1494 992 1552; x_wconf 85' lang='lat' dir='ltr'><strong>poeta</strong></span> <span class='ocrx_word' id='word_1_95' title='bbox 1022 1485 1308 1550; x_wconf 78' lang='lat' dir='ltr'><strong>eloquutus</strong></span> <span class='ocrx_word' id='word_1_96' title='bbox 1348 1487 1440 1539; x_wconf 87' lang='lat' dir='ltr'><strong>sit,</strong></span> <span class='ocrx_word' id='word_1_97' title='bbox 1479 1482 1568 1532; x_wconf 89' lang='lat' dir='ltr'><strong>ubi</strong></span> 
     </span>
     <span class='ocr_line' id='line_1_18' title="bbox 149 1562 1571 1629; baseline -0.005 -12"><span class='ocrx_word' id='word_1_98' title='bbox 149 1570 202 1617; x_wconf 92' lang='lat' dir='ltr'><strong>in</strong></span> <span class='ocrx_word' id='word_1_99' title='bbox 257 1567 436 1613; x_wconf 86' lang='lat' dir='ltr'><strong>medi0</strong></span> <span class='ocrx_word' id='word_1_100' title='bbox 476 1566 662 1615; x_wconf 86' lang='lat' dir='ltr'><strong>volatu</strong></span> <span class='ocrx_word' id='word_1_101' title='bbox 715 1568 954 1615; x_wconf 79' lang='lat' dir='ltr'><strong>defectus</strong></span> <span class='ocrx_word' id='word_1_102' title='bbox 1004 1566 1205 1615; x_wconf 88' lang='lat' dir='ltr'><strong>viribus</strong></span> <span class='ocrx_word' id='word_1_103' title='bbox 1246 1562 1571 1629; x_wconf 84' lang='lat' dir='ltr'><strong>lassatisque</strong></span> 
     </span>
     <span class='ocr_line' id='line_1_19' title="bbox 152 1644 1573 1714; baseline -0.002 -20"><span class='ocrx_word' id='word_1_104' title='bbox 152 1647 253 1694; x_wconf 87' lang='lat' dir='ltr'><strong>alis</strong></span> <span class='ocrx_word' id='word_1_105' title='bbox 281 1648 489 1712; x_wconf 88' lang='lat' dir='ltr'><strong>magnis</strong></span> <span class='ocrx_word' id='word_1_106' title='bbox 518 1649 662 1695; x_wconf 89' lang='lat' dir='ltr'><strong>ausis</strong></span> <span class='ocrx_word' id='word_1_107' title='bbox 690 1646 981 1703; x_wconf 85' lang='lat' dir='ltr'><strong>exciderit,</strong></span> <span class='ocrx_word' id='word_1_108' title='bbox 1007 1645 1299 1714; x_wconf 85' lang='lat' dir='ltr'><strong>diligenter</strong></span> <span class='ocrx_word' id='word_1_109' title='bbox 1316 1644 1573 1698; x_wconf 69' lang='lat' dir='ltr'><strong>monebit:</strong></span> 
     </span>
     <span class='ocr_line' id='line_1_20' title="bbox 152 1725 1571 1794; baseline -0.002 -19"><span class='ocrx_word' id='word_1_110' title='bbox 152 1725 536 1792; x_wconf 86' lang='lat' dir='ltr'><strong>circumspecte</strong></span> <span class='ocrx_word' id='word_1_111' title='bbox 572 1737 747 1776; x_wconf 87' lang='lat' dir='ltr'><strong>tamen</strong></span> <span class='ocrx_word' id='word_1_112' title='bbox 782 1728 847 1776; x_wconf 89' lang='lat' dir='ltr'><strong>de</strong></span> <span class='ocrx_word' id='word_1_113' title='bbox 876 1727 957 1776; x_wconf 91' lang='lat' dir='ltr'><strong>his</strong></span> <span class='ocrx_word' id='word_1_114' title='bbox 983 1725 1372 1794; x_wconf 86' lang='lat' dir='ltr'><strong>pronuntiabit,</strong></span> <span class='ocrx_word' id='word_1_115' title='bbox 1414 1740 1571 1774; x_wconf 88' lang='lat' dir='ltr'><strong>cave-</strong></span> 
     </span>
     <span class='ocr_line' id='line_1_21' title="bbox 151 1802 1570 1872; baseline -0.003 -16"><span class='ocrx_word' id='word_1_116' title='bbox 151 1802 332 1872; x_wconf 90' lang='lat' dir='ltr'><strong>bitque</strong></span> <span class='ocrx_word' id='word_1_117' title='bbox 385 1807 609 1862; x_wconf 87' lang='lat' dir='ltr'><strong>sedulo,</strong></span> <span class='ocrx_word' id='word_1_118' title='bbox 654 1825 721 1857; x_wconf 89' lang='lat' dir='ltr'><strong>ne</strong></span> <span class='ocrx_word' id='word_1_119' title='bbox 755 1824 913 1857; x_wconf 91' lang='lat' dir='ltr'><strong>sensu</strong></span> <span class='ocrx_word' id='word_1_120' title='bbox 968 1807 1104 1864; x_wconf 92' lang='lat' dir='ltr'><strong>hoc,</strong></span> <span class='ocrx_word' id='word_1_121' title='bbox 1141 1815 1195 1856; x_wconf 90' lang='lat' dir='ltr'><strong>ut</strong></span> <span class='ocrx_word' id='word_1_122' title='bbox 1242 1805 1318 1856; x_wconf 87' lang='lat' dir='ltr'><strong>ita</strong></span> <span class='ocrx_word' id='word_1_123' title='bbox 1367 1806 1570 1860; x_wconf 76' lang='lat' dir='ltr'><strong>dicam,</strong></span> 
     </span>
     <span class='ocr_line' id='line_1_22' title="bbox 63 1875 1569 1957; baseline -0.003 -21"><span class='ocrx_word' id='word_1_124' title='bbox 63 1875 81 1903; x_wconf 54' lang='lat'><strong>&#39;³</strong></span> <span class='ocrx_word' id='word_1_125' title='bbox 152 1891 367 1944; x_wconf 79' lang='lat' dir='ltr'><strong>criti00‚</strong></span> <span class='ocrx_word' id='word_1_126' title='bbox 435 1890 707 1938; x_wconf 87' lang='lat' dir='ltr'><strong>minuatur</strong></span> <span class='ocrx_word' id='word_1_127' title='bbox 773 1899 934 1954; x_wconf 86' lang='lat' dir='ltr'><strong>atque</strong></span> <span class='ocrx_word' id='word_1_128' title='bbox 1004 1887 1312 1957; x_wconf 87' lang='lat' dir='ltr'><strong>obrigescat</strong></span> <span class='ocrx_word' id='word_1_129' title='bbox 1382 1901 1569 1934; x_wconf 88' lang='lat' dir='ltr'><strong>sensus</strong></span> 
     </span>
     <span class='ocr_line' id='line_1_23' title="bbox 147 1971 505 2036; baseline -0.006 -20"><span class='ocrx_word' id='word_1_130' title='bbox 147 1971 405 2036; x_wconf 81' lang='lat' dir='ltr'><strong>poeticus.</strong></span> <span class='ocrx_word' id='word_1_131' title='bbox 441 1997 505 2005; x_wconf 89' lang='lat'><strong>—-</strong></span> 
     </span>
    </p>

    <p class='ocr_par' dir='ltr' id='par_1_4' title="bbox 149 2046 1609 2762">
     <span class='ocr_line' id='line_1_24' title="bbox 283 2046 1571 2117; baseline -0.002 -18"><span class='ocrx_word' id='word_1_132' title='bbox 283 2048 467 2113; x_wconf 85' lang='lat' dir='ltr'><strong>Atque</strong></span> <span class='ocrx_word' id='word_1_133' title='bbox 489 2049 624 2099; x_wconf 89' lang='lat' dir='ltr'><strong>haec</strong></span> <span class='ocrx_word' id='word_1_134' title='bbox 654 2049 770 2099; x_wconf 87' lang='lat' dir='ltr'><strong>fere</strong></span> <span class='ocrx_word' id='word_1_135' title='bbox 798 2058 943 2107; x_wconf 89' lang='lat' dir='ltr'><strong>sunt,</strong></span> <span class='ocrx_word' id='word_1_136' title='bbox 970 2066 1108 2117; x_wconf 88' lang='lat' dir='ltr'><strong>quae</strong></span> <span class='ocrx_word' id='word_1_137' title='bbox 1146 2047 1200 2100; x_wconf 88' lang='lat' dir='ltr'><strong>in</strong></span> <span class='ocrx_word' id='word_1_138' title='bbox 1232 2046 1462 2099; x_wconf 89' lang='lat' dir='ltr'><strong>Horatio</strong></span> <span class='ocrx_word' id='word_1_139' title='bbox 1492 2049 1571 2097; x_wconf 89' lang='lat' dir='ltr'><strong>in·</strong></span> 
     </span>
     <span class='ocr_line' id='line_1_25' title="bbox 149 2127 1609 2197; baseline 0.001 -20"><span class='ocrx_word' id='word_1_140' title='bbox 149 2128 501 2193; x_wconf 82' lang='lat' dir='ltr'><strong>terpretando</strong></span> <span class='ocrx_word' id='word_1_141' title='bbox 526 2127 762 2181; x_wconf 72' lang='lat' dir='ltr'><strong>maxime</strong></span> <span class='ocrx_word' id='word_1_142' title='bbox 788 2131 1023 2197; x_wconf 88' lang='lat' dir='ltr'><strong>spectari</strong></span> <span class='ocrx_word' id='word_1_143' title='bbox 1048 2138 1296 2197; x_wconf 78' lang='lat' dir='ltr'><strong>oportere</strong></span> <span class='ocrx_word' id='word_1_144' title='bbox 1316 2131 1570 2196; x_wconf 87' lang='lat' dir='ltr'><strong>judicavi,</strong></span> <span class='ocrx_word' id='word_1_145' title='bbox 1607 2185 1609 2187; x_wconf 48' lang='grc'>,</span> 
     </span>
     <span class='ocr_line' id='line_1_26' title="bbox 151 2207 1569 2276; baseline 0.001 -21"><span class='ocrx_word' id='word_1_146' title='bbox 151 2223 396 2273; x_wconf 85' lang='lat' dir='ltr'><strong>quaeque</strong></span> <span class='ocrx_word' id='word_1_147' title='bbox 454 2207 558 2257; x_wconf 87' lang='lat' dir='ltr'><strong>hac</strong></span> <span class='ocrx_word' id='word_1_148' title='bbox 616 2226 758 2260; x_wconf 84' lang='lat' dir='ltr'><strong>nova</strong></span> <span class='ocrx_word' id='word_1_149' title='bbox 814 2211 1048 2261; x_wconf 88' lang='lat' dir='ltr'><strong>editione</strong></span> <span class='ocrx_word' id='word_1_150' title='bbox 1104 2209 1331 2276; x_wconf 88' lang='lat' dir='ltr'><strong>adsequi</strong></span> <span class='ocrx_word' id='word_1_151' title='bbox 1374 2211 1569 2261; x_wconf 85' lang='lat' dir='ltr'><strong>studui..</strong></span> 
     </span>
     <span class='ocr_line' id='line_1_27' title="bbox 151 2287 1575 2358; baseline 0.005 -22"><span class='ocrx_word' id='word_1_152' title='bbox 151 2288 273 2353; x_wconf 79' lang='lat' dir='ltr'><strong>Quo</strong></span> <span class='ocrx_word' id='word_1_153' title='bbox 299 2287 458 2352; x_wconf 83' lang='lat' dir='ltr'><strong>igitur</strong></span> <span class='ocrx_word' id='word_1_154' title='bbox 490 2287 696 2339; x_wconf 85' lang='lat' dir='ltr'><strong>Horatii</strong></span> <span class='ocrx_word' id='word_1_155' title='bbox 740 2293 979 2339; x_wconf 88' lang='lat' dir='ltr'><strong>carmina</strong></span> <span class='ocrx_word' id='word_1_156' title='bbox 1018 2307 1137 2340; x_wconf 88' lang='lat' dir='ltr'><strong>cum</strong></span> <span class='ocrx_word' id='word_1_157' title='bbox 1175 2308 1334 2340; x_wconf 87' lang='lat' dir='ltr'><strong>sensu</strong></span> <span class='ocrx_word' id='word_1_158' title='bbox 1387 2294 1575 2358; x_wconf 85' lang='lat' dir='ltr'><strong>aliquo</strong></span> 
     </span>
     <span class='ocr_line' id='line_1_28' title="bbox 150 2368 1571 2438; baseline 0.006 -23"><span class='ocrx_word' id='word_1_159' title='bbox 150 2368 219 2415; x_wconf 89' lang='lat' dir='ltr'><strong>ad</strong></span> <span class='ocrx_word' id='word_1_160' title='bbox 254 2368 486 2433; x_wconf 85' lang='lat' dir='ltr'><strong>lyricum</strong></span> <span class='ocrx_word' id='word_1_161' title='bbox 522 2372 761 2428; x_wconf 82' lang='lat' dir='ltr'><strong>spiritum</strong></span> <span class='ocrx_word' id='word_1_162' title='bbox 793 2380 1151 2436; x_wconf 83' lang='lat' dir='ltr'><strong>attemperato</strong></span> <span class='ocrx_word' id='word_1_163' title='bbox 1188 2372 1294 2438; x_wconf 85' lang='lat' dir='ltr'><strong>legi</strong></span> <span class='ocrx_word' id='word_1_164' title='bbox 1330 2381 1571 2438; x_wconf 85' lang='lat' dir='ltr'><strong>possent,</strong></span> 
     </span>
     <span class='ocr_line' id='line_1_29' title="bbox 153 2448 1571 2515; baseline 0.001 -19"><span class='ocrx_word' id='word_1_165' title='bbox 153 2463 367 2514; x_wconf 88' lang='lat' dir='ltr'><strong>unaque</strong></span> <span class='ocrx_word' id='word_1_166' title='bbox 406 2448 510 2497; x_wconf 82' lang='lat' dir='ltr'><strong>ista.</strong></span> <span class='ocrx_word' id='word_1_167' title='bbox 547 2466 710 2515; x_wconf 87' lang='lat' dir='ltr'><strong>opera</strong></span> <span class='ocrx_word' id='word_1_168' title='bbox 743 2451 999 2502; x_wconf 85' lang='lat' dir='ltr'><strong>felicioris</strong></span> <span class='ocrx_word' id='word_1_169' title='bbox 1030 2450 1226 2501; x_wconf 89' lang='lat' dir='ltr'><strong>indolis</strong></span> <span class='ocrx_word' id='word_1_170' title='bbox 1258 2452 1571 2503; x_wconf 77' lang='lat' dir='ltr'><strong>adolescen-</strong></span> 
     </span>
     <span class='ocr_line' id='line_1_30' title="bbox 151 2527 1568 2599; baseline 0.005 -23"><span class='ocrx_word' id='word_1_171' title='bbox 151 2527 289 2576; x_wconf 86' lang='lat' dir='ltr'><strong>tibus</strong></span> <span class='ocrx_word' id='word_1_172' title='bbox 366 2527 641 2596; x_wconf 88' lang='lat' dir='ltr'><strong>ingenium</strong></span> <span class='ocrx_word' id='word_1_173' title='bbox 713 2531 975 2599; x_wconf 85' lang='lat' dir='ltr'><strong>fingendi‚</strong></span> <span class='ocrx_word' id='word_1_174' title='bbox 1046 2531 1568 2598; x_wconf 76' lang='lat' dir='ltr'><strong>pulchritudinisque</strong></span> 
     </span>
     <span class='ocr_line' id='line_1_31' title="bbox 153 2609 1570 2680; baseline 0.004 -21"><span class='ocrx_word' id='word_1_175' title='bbox 153 2625 311 2659; x_wconf 87' lang='lat' dir='ltr'><strong>sensu</strong></span> <span class='ocrx_word' id='word_1_176' title='bbox 345 2609 621 2659; x_wconf 88' lang='lat' dir='ltr'><strong>imbuendi</strong></span> <span class='ocrx_word' id='word_1_177' title='bbox 660 2617 820 2678; x_wconf 86' lang='lat' dir='ltr'><strong>copia</strong></span> <span class='ocrx_word' id='word_1_178' title='bbox 848 2613 1022 2668; x_wconf 87' lang='lat' dir='ltr'><strong>fieret,</strong></span> <span class='ocrx_word' id='word_1_179' title='bbox 1051 2615 1105 2662; x_wconf 90' lang='lat' dir='ltr'><strong>in</strong></span> <span class='ocrx_word' id='word_1_180' title='bbox 1131 2629 1197 2662; x_wconf 93' lang='lat' dir='ltr'><strong>eo</strong></span> <span class='ocrx_word' id='word_1_181' title='bbox 1225 2613 1570 2680; x_wconf 83' lang='lat' dir='ltr'><strong>potissimum</strong></span> 
     </span>
     <span class='ocr_line' id='line_1_32' title="bbox 151 2689 1569 2762; baseline 0.006 -23"><span class='ocrx_word' id='word_1_182' title='bbox 151 2689 283 2740; x_wconf 85' lang='lat' dir='ltr'><strong>mihi</strong></span> <span class='ocrx_word' id='word_1_183' title='bbox 329 2689 718 2742; x_wconf 87' lang='lat' dir='ltr'><strong>elaborandum</strong></span> <span class='ocrx_word' id='word_1_184' title='bbox 750 2695 1027 2760; x_wconf 76' lang='lat' dir='ltr'><strong>intellexi,</strong></span> <span class='ocrx_word' id='word_1_185' title='bbox 1067 2703 1120 2743; x_wconf 88' lang='lat' dir='ltr'><strong>ut</strong></span> <span class='ocrx_word' id='word_1_186' title='bbox 1158 2696 1404 2745; x_wconf 73' lang='lat' dir='ltr'><strong>virtutem</strong></span> <span class='ocrx_word' id='word_1_187' title='bbox 1442 2711 1569 2762; x_wconf 82' lang='lat' dir='ltr'><strong>poe·</strong></span> 
     </span>
    </p>
   </div>
  </div>
 </body>
</html>
