<?xml version="1.0" encoding="UTF-8"?>
<!DOCTYPE html PUBLIC "-//W3C//DTD XHTML 1.0 Transitional//EN"
    "http://www.w3.org/TR/xhtml1/DTD/xhtml1-transitional.dtd">
<html xmlns="http://www.w3.org/1999/xhtml" xml:lang="en" lang="en">
 <head>
  <title>
</title>
<meta http-equiv="Content-Type" content="text/html;charset=utf-8" />
  <meta name='ocr-system' content='tesseract 3.04.00' />
  <meta name='ocr-capabilities' content='ocr_page ocr_carea ocr_par ocr_line ocrx_word'/>
</head>
<body>
  <div class='ocr_page' id='page_1' title='image "./quintihoratiifla01horauoft_0020.png"; bbox 0 0 1834 3117; ppageno 0'>
   <div class='ocr_carea' id='block_1_1' title="bbox 850 203 1190 247">
    <p class='ocr_par' dir='ltr' id='par_1_1' title="bbox 850 203 1190 247">
     <span class='ocr_line' id='line_1_1' title="bbox 850 203 1190 247; baseline 0.003 -24"><span class='ocrx_word' id='word_1_1' title='bbox 850 213 903 223; x_wconf 67' lang='grc'>...-</span> <span class='ocrx_word' id='word_1_2' title='bbox 995 203 1046 247; x_wconf 68' lang='lat'>¹4</span> <span class='ocrx_word' id='word_1_3' title='bbox 1134 222 1190 233; x_wconf 46' lang='lat' dir='ltr'>„m</span> 
     </span>
    </p>
   </div>
   <div class='ocr_carea' id='block_1_2' title="bbox 278 311 1723 2773">
    <p class='ocr_par' dir='ltr' id='par_1_2' title="bbox 278 311 1723 2773">
     <span class='ocr_line' id='line_1_2' title="bbox 327 311 1723 386; baseline 0.021 -35"><span class='ocrx_word' id='word_1_4' title='bbox 327 311 675 366; x_wconf 71' lang='lat' dir='ltr'><strong>expresserit,</strong></span> <span class='ocrx_word' id='word_1_5' title='bbox 713 314 799 362; x_wconf 89' lang='lat' dir='ltr'>vel</span> <span class='ocrx_word' id='word_1_6' title='bbox 837 319 974 366; x_wconf 91' lang='lat' dir='ltr'>unde</span> <span class='ocrx_word' id='word_1_7' title='bbox 1009 321 1185 384; x_wconf 83' lang='lat' dir='ltr'>prima</span> <span class='ocrx_word' id='word_1_8' title='bbox 1220 328 1490 375; x_wconf 79' lang='lat' dir='ltr'>comtioris</span> <span class='ocrx_word' id='word_1_9' title='bbox 1540 326 1723 386; x_wconf 72' lang='lat' dir='ltr'>dictio.-</span> 
     </span>
     <span class='ocr_line' id='line_1_3' title="bbox 322 394 1721 471; baseline 0.012 -29"><span class='ocrx_word' id='word_1_10' title='bbox 322 394 404 442; x_wconf 65' lang='lat' dir='ltr'>nv&#39;s</span> <span class='ocrx_word' id='word_1_11' title='bbox 435 399 663 446; x_wconf 77' lang='lat' dir='ltr'>stamina</span> <span class='ocrx_word' id='word_1_12' title='bbox 697 399 1007 460; x_wconf 68' lang='lat' dir='ltr'>deduxerit,</span> <span class='ocrx_word' id='word_1_13' title='bbox 1045 403 1362 467; x_wconf 87' lang='lat' dir='ltr'>omninoque</span> <span class='ocrx_word' id='word_1_14' title='bbox 1400 407 1721 471; x_wconf 78' lang='lat' dir='ltr'>juncturam,</span> 
     </span>
     <span class='ocr_line' id='line_1_4' title="bbox 319 477 1720 553; baseline 0.009 -29"><span class='ocrx_word' id='word_1_15' title='bbox 319 477 638 531; x_wconf 82' lang='lat' dir='ltr'>flexionem,</span> <span class='ocrx_word' id='word_1_16' title='bbox 688 479 1097 529; x_wconf 73' lang='lat' dir='ltr'>collocationem</span> <span class='ocrx_word' id='word_1_17' title='bbox 1137 480 1421 532; x_wconf 81' lang='lat' dir='ltr'>verborum</span> <span class='ocrx_word' id='word_1_18' title='bbox 1471 504 1720 553; x_wconf 80' lang='lat' dir='ltr'>graecam·</span> 
     </span>
     <span class='ocr_line' id='line_1_5' title="bbox 317 556 1721 625; baseline 0.009 -23"><span class='ocrx_word' id='word_1_19' title='bbox 317 556 602 619; x_wconf 64' lang='lat' dir='ltr'>diligenter</span> <span class='ocrx_word' id='word_1_20' title='bbox 648 558 869 608; x_wconf 82' lang='lat' dir='ltr'>notabit.</span> <span class='ocrx_word' id='word_1_21' title='bbox 941 559 1128 625; x_wconf 83' lang='lat' dir='ltr'><strong>Neque</strong></span> <span class='ocrx_word' id='word_1_22' title='bbox 1161 576 1288 609; x_wconf 90' lang='lat' dir='ltr'>vero</span> <span class='ocrx_word' id='word_1_23' title='bbox 1327 563 1380 610; x_wconf 83' lang='lat' dir='ltr'>in</span> <span class='ocrx_word' id='word_1_24' title='bbox 1425 563 1504 614; x_wconf 70' lang='lat' dir='ltr'>his</span> <span class='ocrx_word' id='word_1_25' title='bbox 1555 568 1721 618; x_wconf 68' lang='lat' dir='ltr'>subsi-</span> 
     </span>
     <span class='ocr_line' id='line_1_6' title="bbox 315 637 1720 710; baseline 0.011 -28"><span class='ocrx_word' id='word_1_26' title='bbox 315 643 443 689; x_wconf 86' lang='lat' dir='ltr'>stet,</span> <span class='ocrx_word' id='word_1_27' title='bbox 483 637 574 686; x_wconf 84' lang='lat' dir='ltr'>sed</span> <span class='ocrx_word' id='word_1_28' title='bbox 604 647 655 685; x_wconf 89' lang='lat' dir='ltr'>et</span> <span class='ocrx_word' id='word_1_29' title='bbox 690 655 808 691; x_wconf 91' lang='lat' dir='ltr'>eos,</span> <span class='ocrx_word' id='word_1_30' title='bbox 846 657 1192 706; x_wconf 85' lang='lat' dir='ltr'>quoscunque</span> <span class='ocrx_word' id='word_1_31' title='bbox 1225 639 1438 690; x_wconf 90' lang='lat' dir='ltr'>Latium</span> <span class='ocrx_word' id='word_1_32' title='bbox 1472 645 1575 710; x_wconf 87' lang='lat' dir='ltr'>ipsi</span> <span class='ocrx_word' id='word_1_33' title='bbox 1607 647 1720 698; x_wconf 90' lang='lat' dir='ltr'>sub-</span> 
     </span>
     <span class='ocr_line' id='line_1_7' title="bbox 310 714 1716 785; baseline 0.011 -25"><span class='ocrx_word' id='word_1_34' title='bbox 310 714 565 779; x_wconf 81' lang='lat' dir='ltr'>peditarit</span> <span class='ocrx_word' id='word_1_35' title='bbox 627 716 857 772; x_wconf 84' lang='lat' dir='ltr'>loculos,</span> <span class='ocrx_word' id='word_1_36' title='bbox 917 725 1175 779; x_wconf 68' lang='lat' dir='ltr'>excutiet,</span> <span class='ocrx_word' id='word_1_37' title='bbox 1231 730 1283 769; x_wconf 90' lang='lat' dir='ltr'>et</span> <span class='ocrx_word' id='word_1_38' title='bbox 1323 721 1452 785; x_wconf 89' lang='lat' dir='ltr'>quid</span> <span class='ocrx_word' id='word_1_39' title='bbox 1501 725 1626 774; x_wconf 89' lang='lat' dir='ltr'>inde</span> <span class='ocrx_word' id='word_1_40' title='bbox 1663 731 1716 776; x_wconf 85' lang='lat' dir='ltr'>in</span> 
     </span>
     <span class='ocr_line' id='line_1_8' title="bbox 317 797 1720 870; baseline 0.01 -28"><span class='ocrx_word' id='word_1_41' title='bbox 317 809 436 842; x_wconf 85' lang='lat' dir='ltr'>suos</span> <span class='ocrx_word' id='word_1_42' title='bbox 508 813 629 844; x_wconf 86' lang='lat' dir='ltr'>usus</span> <span class='ocrx_word' id='word_1_43' title='bbox 694 797 1076 863; x_wconf 85' lang='lat' dir='ltr'>depromserit,</span> <span class='ocrx_word' id='word_1_44' title='bbox 1128 802 1566 866; x_wconf 87' lang='lat' dir='ltr'>depromtumque</span> <span class='ocrx_word' id='word_1_45' title='bbox 1616 822 1720 870; x_wconf 77' lang='lat' dir='ltr'>qua</span> 
     </span>
     <span class='ocr_line' id='line_1_9' title="bbox 309 877 1714 947; baseline 0.01 -26"><span class='ocrx_word' id='word_1_46' title='bbox 309 882 426 922; x_wconf 83' lang='lat' dir='ltr'>arte</span> <span class='ocrx_word' id='word_1_47' title='bbox 472 877 793 931; x_wconf 78' lang='lat' dir='ltr'>excoluerit,</span> <span class='ocrx_word' id='word_1_48' title='bbox 832 897 1094 946; x_wconf 86' lang='lat' dir='ltr'>suumque</span> <span class='ocrx_word' id='word_1_49' title='bbox 1131 898 1345 947; x_wconf 88' lang='lat' dir='ltr'>prorsus</span> <span class='ocrx_word' id='word_1_50' title='bbox 1384 877 1594 944; x_wconf 74' lang='lat' dir='ltr'>fecerit,</span> <span class='ocrx_word' id='word_1_51' title='bbox 1640 887 1714 935; x_wconf 88' lang='lat' dir='ltr'>in·</span> 
     </span>
     <span class='ocr_line' id='line_1_10' title="bbox 306 954 1710 1029; baseline 0.009 -29"><span class='ocrx_word' id='word_1_52' title='bbox 306 954 620 1021; x_wconf 75' lang='lat' dir='ltr'>vestigabit,</span> <span class='ocrx_word' id='word_1_53' title='bbox 658 974 722 1006; x_wconf 89' lang='lat' dir='ltr'>ac</span> <span class='ocrx_word' id='word_1_54' title='bbox 751 959 1011 1024; x_wconf 87' lang='lat' dir='ltr'>dispiciet.</span> <span class='ocrx_word' id='word_1_55' title='bbox 1082 961 1271 1027; x_wconf 89' lang='lat' dir='ltr'>Neque</span> <span class='ocrx_word' id='word_1_56' title='bbox 1307 961 1428 1010; x_wconf 88' lang='lat' dir='ltr'>leve</span> <span class='ocrx_word' id='word_1_57' title='bbox 1454 964 1710 1029; x_wconf 88' lang='lat' dir='ltr'>inter-pre-</span> 
     </span>
     <span class='ocr_line' id='line_1_11' title="bbox 302 1036 1708 1106; baseline 0.009 -25"><span class='ocrx_word' id='word_1_58' title='bbox 302 1036 518 1083; x_wconf 77' lang='lat' dir='ltr'>tationis</span> <span class='ocrx_word' id='word_1_59' title='bbox 571 1036 862 1089; x_wconf 87' lang='lat' dir='ltr'><strong>subsidium</strong></span> <span class='ocrx_word' id='word_1_60' title='bbox 885 1056 953 1089; x_wconf 85' lang='lat' dir='ltr'>ex</span> <span class='ocrx_word' id='word_1_61' title='bbox 980 1057 1197 1103; x_wconf 83' lang='lat' dir='ltr'>eorum,</span> <span class='ocrx_word' id='word_1_62' title='bbox 1234 1057 1364 1106; x_wconf 90' lang='lat' dir='ltr'>quos</span> <span class='ocrx_word' id='word_1_63' title='bbox 1411 1054 1506 1087; x_wconf 85' lang='lat' dir='ltr'>sua</span> <span class='ocrx_word' id='word_1_64' title='bbox 1559 1054 1708 1093; x_wconf 86' lang='lat' dir='ltr'>aetas</span> 
     </span>
     <span class='ocr_line' id='line_1_12' title="bbox 301 1115 1714 1186; baseline 0.004 -27"><span class='ocrx_word' id='word_1_65' title='bbox 301 1115 460 1163; x_wconf 74' lang='lat' dir='ltr'>vidit,</span> <span class='ocrx_word' id='word_1_66' title='bbox 509 1133 749 1182; x_wconf 82' lang='lat' dir='ltr'>quosque</span> <span class='ocrx_word' id='word_1_67' title='bbox 792 1121 960 1167; x_wconf 91' lang='lat' dir='ltr'>serior</span> <span class='ocrx_word' id='word_1_68' title='bbox 998 1121 1243 1185; x_wconf 85' lang='lat' dir='ltr'>protulit,</span> <span class='ocrx_word' id='word_1_69' title='bbox 1279 1129 1563 1186; x_wconf 86' lang='lat' dir='ltr'>poetarum</span> <span class='ocrx_word' id='word_1_70' title='bbox 1601 1139 1714 1172; x_wconf 78' lang='lat' dir='ltr'>car-</span> 
     </span>
     <span class='ocr_line' id='line_1_13' title="bbox 297 1192 1712 1263; baseline 0.009 -25"><span class='ocrx_word' id='word_1_71' title='bbox 297 1192 528 1242; x_wconf 68' lang='lat' dir='ltr'>minibus</span> <span class='ocrx_word' id='word_1_72' title='bbox 582 1204 755 1257; x_wconf 76' lang='lat' dir='ltr'>petet,</span> <span class='ocrx_word' id='word_1_73' title='bbox 816 1200 1229 1263; x_wconf 81' lang='lat' dir='ltr'>enotandisque‚</span> <span class='ocrx_word' id='word_1_74' title='bbox 1280 1197 1418 1263; x_wconf 85' lang='lat' dir='ltr'>quae</span> <span class='ocrx_word' id='word_1_75' title='bbox 1471 1200 1712 1251; x_wconf 84' lang='lat' dir='ltr'>c&#39;olorem</span> 
     </span>
     <span class='ocr_line' id='line_1_14' title="bbox 298 1273 1713 1348; baseline 0.008 -30"><span class='ocrx_word' id='word_1_76' title='bbox 298 1287 454 1320; x_wconf 88' lang='lat' dir='ltr'>suum</span> <span class='ocrx_word' id='word_1_77' title='bbox 479 1289 548 1323; x_wconf 88' lang='lat' dir='ltr'>ex</span> <span class='ocrx_word' id='word_1_78' title='bbox 594 1273 821 1324; x_wconf 85' lang='lat' dir='ltr'>Horatio</span> <span class='ocrx_word' id='word_1_79' title='bbox 860 1276 1078 1326; x_wconf 84' lang='lat' dir='ltr'>duxisse</span> <span class='ocrx_word' id='word_1_80' title='bbox 1114 1278 1389 1331; x_wconf 88' lang='lat' dir='ltr'>videntur,</span> <span class='ocrx_word' id='word_1_81' title='bbox 1428 1276 1558 1327; x_wconf 87' lang='lat' dir='ltr'>locis</span> <span class='ocrx_word' id='word_1_82' title='bbox 1605 1279 1713 1348; x_wconf 81' lang='lat' dir='ltr'>ipsi</span> 
     </span>
     <span class='ocr_line' id='line_1_15' title="bbox 294 1349 1708 1422; baseline 0.01 -25"><span class='ocrx_word' id='word_1_83' title='bbox 294 1349 438 1399; x_wconf 83' lang='lat' dir='ltr'>haud</span> <span class='ocrx_word' id='word_1_84' title='bbox 486 1370 679 1417; x_wconf 88' lang='lat' dir='ltr'>parum</span> <span class='ocrx_word' id='word_1_85' title='bbox 723 1356 856 1406; x_wconf 86' lang='lat' dir='ltr'>lucis</span> <span class='ocrx_word' id='word_1_86' title='bbox 903 1358 1186 1414; x_wconf 85' lang='lat' dir='ltr'>adfundet;</span> <span class='ocrx_word' id='word_1_87' title='bbox 1237 1373 1344 1422; x_wconf 85' lang='lat' dir='ltr'>quo</span> <span class='ocrx_word' id='word_1_88' title='bbox 1387 1360 1507 1422; x_wconf 90' lang='lat' dir='ltr'>ipso</span> <span class='ocrx_word' id='word_1_89' title='bbox 1561 1361 1708 1410; x_wconf 88' lang='lat' dir='ltr'>dubi-</span> 
     </span>
     <span class='ocr_line' id='line_1_16' title="bbox 295 1431 1707 1506; baseline 0.01 -30"><span class='ocrx_word' id='word_1_90' title='bbox 295 1431 517 1481; x_wconf 83' lang='lat' dir='ltr'>tandum</span> <span class='ocrx_word' id='word_1_91' title='bbox 564 1450 667 1483; x_wconf 91' lang='lat' dir='ltr'>non</span> <span class='ocrx_word' id='word_1_92' title='bbox 716 1447 822 1494; x_wconf 88' lang='lat' dir='ltr'>est,</span> <span class='ocrx_word' id='word_1_93' title='bbox 870 1443 993 1503; x_wconf 83' lang='lat' dir='ltr'>quin</span> <span class='ocrx_word' id='word_1_94' title='bbox 1037 1437 1357 1488; x_wconf 82' lang='lat' dir='ltr'>liberalioris</span> <span class='ocrx_word' id='word_1_95' title='bbox 1391 1437 1587 1506; x_wconf 84' lang='lat' dir='ltr'>ingenii</span> <span class='ocrx_word' id='word_1_96' title='bbox 1636 1443 1707 1502; x_wconf 73' lang='lat' dir='ltr'>ju·v</span> 
     </span>
     <span class='ocr_line' id='line_1_17' title="bbox 292 1511 1704 1572; baseline 0.006 -14"><span class='ocrx_word' id='word_1_97' title='bbox 292 1511 515 1561; x_wconf 89' lang='lat' dir='ltr'>venibus</span> <span class='ocrx_word' id='word_1_98' title='bbox 564 1515 790 1564; x_wconf 88' lang='lat' dir='ltr'>multum</span> <span class='ocrx_word' id='word_1_99' title='bbox 855 1518 1226 1566; x_wconf 83' lang='lat' dir='ltr'>delectationis</span> <span class='ocrx_word' id='word_1_100' title='bbox 1296 1515 1568 1565; x_wconf 77' lang='lat' dir='ltr'>adlaturus</span> <span class='ocrx_word' id='word_1_101' title='bbox 1621 1522 1704 1572; x_wconf 81' lang='lat' dir='ltr'>sit.</span> 
     </span>
     <span class='ocr_line' id='line_1_18' title="bbox 286 1586 1705 1662; baseline 0.006 -23"><span class='ocrx_word' id='word_1_102' title='bbox 286 1590 481 1657; x_wconf 85' lang='lat' dir='ltr'>Neque</span> <span class='ocrx_word' id='word_1_103' title='bbox 517 1602 699 1644; x_wconf 83' lang='lat' dir='ltr'>tamen</span> <span class='ocrx_word' id='word_1_104' title='bbox 737 1586 977 1647; x_wconf 85' lang='lat' dir='ltr'>laborem</span> <span class='ocrx_word' id='word_1_105' title='bbox 1005 1613 1159 1646; x_wconf 90' lang='lat' dir='ltr'>suum</span> <span class='ocrx_word' id='word_1_106' title='bbox 1187 1593 1405 1645; x_wconf 85' lang='lat' dir='ltr'>extendi</span> <span class='ocrx_word' id='word_1_107' title='bbox 1432 1611 1496 1645; x_wconf 82' lang='lat' dir='ltr'>ac</span> <span class='ocrx_word' id='word_1_108' title='bbox 1529 1612 1705 1662; x_wconf 84' lang='lat' dir='ltr'>paene</span> 
     </span>
     <span class='ocr_line' id='line_1_19' title="bbox 289 1670 1701 1741; baseline 0.005 -22"><span class='ocrx_word' id='word_1_109' title='bbox 289 1670 470 1720; x_wconf 86' lang='lat' dir='ltr'>dicam</span> <span class='ocrx_word' id='word_1_110' title='bbox 499 1673 695 1723; x_wconf 87' lang='lat' dir='ltr'>effundi</span> <span class='ocrx_word' id='word_1_111' title='bbox 731 1679 783 1724; x_wconf 91' lang='lat' dir='ltr'>in</span> <span class='ocrx_word' id='word_1_112' title='bbox 814 1676 914 1726; x_wconf 90' lang='lat' dir='ltr'>hoc</span> <span class='ocrx_word' id='word_1_113' title='bbox 945 1679 1195 1741; x_wconf 88' lang='lat' dir='ltr'>patietur,</span> <span class='ocrx_word' id='word_1_114' title='bbox 1233 1685 1288 1724; x_wconf 91' lang='lat' dir='ltr'>ut</span> <span class='ocrx_word' id='word_1_115' title='bbox 1315 1676 1701 1726; x_wconf 82' lang='lat' dir='ltr'>sententiarum·</span> 
     </span>
     <span class='ocr_line' id='line_1_20' title="bbox 289 1752 1697 1820; baseline 0.004 -20"><span class='ocrx_word' id='word_1_116' title='bbox 289 1752 590 1817; x_wconf 84' lang='lat' dir='ltr'>vulgarium</span> <span class='ocrx_word' id='word_1_117' title='bbox 654 1752 996 1820; x_wconf 86' lang='lat' dir='ltr'>locorumque</span> <span class='ocrx_word' id='word_1_118' title='bbox 1068 1756 1429 1803; x_wconf 87' lang='lat' dir='ltr'>communium</span> <span class='ocrx_word' id='word_1_119' title='bbox 1496 1764 1697 1805; x_wconf 85' lang='lat' dir='ltr'>struem</span> 
     </span>
     <span class='ocr_line' id='line_1_21' title="bbox 286 1830 1695 1899; baseline 0.004 -20"><span class='ocrx_word' id='word_1_120' title='bbox 286 1830 411 1879; x_wconf 84' lang='lat' dir='ltr'>inde</span> <span class='ocrx_word' id='word_1_121' title='bbox 449 1843 766 1889; x_wconf 79' lang='lat' dir='ltr'>coacervet,</span> <span class='ocrx_word' id='word_1_122' title='bbox 802 1837 973 1899; x_wconf 85' lang='lat' dir='ltr'>iisque</span> <span class='ocrx_word' id='word_1_123' title='bbox 1009 1843 1225 1899; x_wconf 83' lang='lat' dir='ltr'>poetam</span> <span class='ocrx_word' id='word_1_124' title='bbox 1264 1831 1485 1881; x_wconf 81' lang='lat' dir='ltr'>obruat:</span> <span class='ocrx_word' id='word_1_125' title='bbox 1522 1835 1612 1883; x_wconf 91' lang='lat' dir='ltr'>sed</span> <span class='ocrx_word' id='word_1_126' title='bbox 1643 1841 1695 1884; x_wconf 89' lang='lat' dir='ltr'>in</span> 
     </span>
     <span class='ocr_line' id='line_1_22' title="bbox 286 1909 1696 1978; baseline 0.004 -21"><span class='ocrx_word' id='word_1_127' title='bbox 286 1909 369 1958; x_wconf 89' lang='lat' dir='ltr'>his</span> <span class='ocrx_word' id='word_1_128' title='bbox 403 1912 782 1978; x_wconf 87' lang='lat' dir='ltr'>circumspecte</span> <span class='ocrx_word' id='word_1_129' title='bbox 813 1911 1140 1967; x_wconf 80' lang='lat' dir='ltr'>versabitur,</span> <span class='ocrx_word' id='word_1_130' title='bbox 1177 1927 1346 1976; x_wconf 86' lang='lat' dir='ltr'>eaque</span> <span class='ocrx_word' id='word_1_131' title='bbox 1371 1920 1571 1960; x_wconf 88' lang='lat' dir='ltr'>tantum</span> <span class='ocrx_word' id='word_1_132' title='bbox 1603 1915 1696 1964; x_wconf 80' lang='lat' dir='ltr'>ad·-</span> 
     </span>
     <span class='ocr_line' id='line_1_23' title="bbox 284 1989 1699 2056; baseline 0.004 -19"><span class='ocrx_word' id='word_1_133' title='bbox 284 1990 446 2046; x_wconf 81' lang='lat' dir='ltr'>seret‚</span> <span class='ocrx_word' id='word_1_134' title='bbox 482 2009 646 2056; x_wconf 75' lang='lat' dir='ltr'>quae,</span> <span class='ocrx_word' id='word_1_135' title='bbox 685 1993 876 2042; x_wconf 88' lang='lat' dir='ltr'>eodem</span> <span class='ocrx_word' id='word_1_136' title='bbox 901 1993 1155 2041; x_wconf 89' lang='lat' dir='ltr'>orationis</span> <span class='ocrx_word' id='word_1_137' title='bbox 1185 1991 1365 2038; x_wconf 86' lang='lat' dir='ltr'>colore</span> <span class='ocrx_word' id='word_1_138' title='bbox 1394 1989 1665 2043; x_wconf 81' lang='lat' dir='ltr'>delineata-</span> <span class='ocrx_word' id='word_1_139' title='bbox 1687 2028 1699 2050; x_wconf 91' lang='lat'>‚</span> 
     </span>
     <span class='ocr_line' id='line_1_24' title="bbox 285 2071 1505 2136; baseline 0.004 -19"><span class='ocrx_word' id='word_1_140' title='bbox 285 2072 464 2135; x_wconf 90' lang='lat' dir='ltr'>utique</span> <span class='ocrx_word' id='word_1_141' title='bbox 498 2088 564 2123; x_wconf 77' lang='lat' dir='ltr'>ex</span> <span class='ocrx_word' id='word_1_142' title='bbox 602 2071 828 2122; x_wconf 84' lang='lat' dir='ltr'>Horatio</span> <span class='ocrx_word' id='word_1_143' title='bbox 866 2074 1027 2123; x_wconf 90' lang='lat' dir='ltr'>ducta</span> <span class='ocrx_word' id='word_1_144' title='bbox 1063 2073 1233 2122; x_wconf 78' lang='lat' dir='ltr'>videri</span> <span class='ocrx_word' id='word_1_145' title='bbox 1267 2079 1505 2136; x_wconf 82' lang='lat' dir='ltr'>possunt.</span> 
     </span>
     <span class='ocr_line' id='line_1_25' title="bbox 420 2147 1698 2218; baseline 0.002 -20"><span class='ocrx_word' id='word_1_146' title='bbox 420 2151 737 2209; x_wconf 83' lang='lat' dir='ltr'>Praeterea,</span> <span class='ocrx_word' id='word_1_147' title='bbox 764 2170 938 2218; x_wconf 26' lang='lat' dir='ltr'>&lt;quum</span> <span class='ocrx_word' id='word_1_148' title='bbox 981 2149 1191 2202; x_wconf 79' lang='lat' dir='ltr'>Horatii</span> <span class='ocrx_word' id='word_1_149' title='bbox 1231 2152 1455 2201; x_wconf 86' lang='lat' dir='ltr'>lectione</span> <span class='ocrx_word' id='word_1_150' title='bbox 1499 2147 1698 2213; x_wconf 87' lang='lat' dir='ltr'>juveni-</span> 
     </span>
     <span class='ocr_line' id='line_1_26' title="bbox 281 2227 1695 2296; baseline 0.003 -18"><span class='ocrx_word' id='word_1_151' title='bbox 281 2227 349 2278; x_wconf 89' lang='lat' dir='ltr'>lis</span> <span class='ocrx_word' id='word_1_152' title='bbox 374 2229 426 2279; x_wconf 86' lang='lat' dir='ltr'>in</span> <span class='ocrx_word' id='word_1_153' title='bbox 465 2230 652 2296; x_wconf 87' lang='lat' dir='ltr'>primis</span> <span class='ocrx_word' id='word_1_154' title='bbox 681 2240 831 2281; x_wconf 85' lang='lat' dir='ltr'>aetas</span> <span class='ocrx_word' id='word_1_155' title='bbox 858 2235 1024 2281; x_wconf 87' lang='lat' dir='ltr'>teneri</span> <span class='ocrx_word' id='word_1_156' title='bbox 1059 2232 1257 2282; x_wconf 83' lang='lat' dir='ltr'>soleat,</span> <span class='ocrx_word' id='word_1_157' title='bbox 1290 2233 1551 2294; x_wconf 83' lang='lat' dir='ltr'>interpres</span> <span class='ocrx_word' id='word_1_158' title='bbox 1587 2247 1695 2282; x_wconf 86' lang='lat' dir='ltr'>non</span> 
     </span>
     <span class='ocr_line' id='line_1_27' title="bbox 278 2299 1689 2378; baseline 0 -20"><span class='ocrx_word' id='word_1_159' title='bbox 278 2317 483 2358; x_wconf 83' lang='lat' dir='ltr'>tantum</span> <span class='ocrx_word' id='word_1_160' title='bbox 514 2312 565 2358; x_wconf 87' lang='lat' dir='ltr'>in</span> <span class='ocrx_word' id='word_1_161' title='bbox 605 2311 993 2362; x_wconf 74' lang='lat' dir='ltr'>difficilioribus</span> <span class='ocrx_word' id='word_1_162' title='bbox 1034 2321 1227 2378; x_wconf 88' lang='lat' dir='ltr'>poetae</span> <span class='ocrx_word' id='word_1_163' title='bbox 1277 2309 1435 2366; x_wconf 82' lang='lat' dir='ltr'>locis,</span> <span class='ocrx_word' id='word_1_164' title='bbox 1469 2299 1568 2358; x_wconf 67' lang='lat' dir='ltr'>auf</span> <span class='ocrx_word' id='word_1_165' title='bbox 1600 2312 1689 2360; x_wconf 89' lang='lat' dir='ltr'>ubi</span> 
     </span>
     <span class='ocr_line' id='line_1_28' title="bbox 281 2389 1691 2458; baseline 0.004 -24"><span class='ocrx_word' id='word_1_166' title='bbox 281 2392 420 2437; x_wconf 82' lang='lat' dir='ltr'>forte</span> <span class='ocrx_word' id='word_1_167' title='bbox 456 2390 671 2440; x_wconf 85' lang='lat' dir='ltr'>doctam</span> <span class='ocrx_word' id='word_1_168' title='bbox 703 2392 937 2458; x_wconf 80' lang='lat' dir='ltr'>aliquam</span> <span class='ocrx_word' id='word_1_169' title='bbox 967 2401 1019 2441; x_wconf 90' lang='lat' dir='ltr'>et</span> <span class='ocrx_word' id='word_1_170' title='bbox 1064 2389 1473 2457; x_wconf 69' lang='lat' dir='ltr'>exquisitionem</span> <span class='ocrx_word' id='word_1_171' title='bbox 1511 2390 1691 2439; x_wconf 58' lang='lat' dir='ltr'>obser»</span> 
     </span>
     <span class='ocr_line' id='line_1_29' title="bbox 279 2469 1690 2536; baseline 0.001 -18"><span class='ocrx_word' id='word_1_172' title='bbox 279 2471 578 2522; x_wconf 80' lang='lat' dir='ltr'>vationem‚</span> <span class='ocrx_word' id='word_1_173' title='bbox 616 2488 774 2536; x_wconf 86' lang='lat' dir='ltr'>quam</span> <span class='ocrx_word' id='word_1_174' title='bbox 820 2474 873 2521; x_wconf 93' lang='lat' dir='ltr'>in</span> <span class='ocrx_word' id='word_1_175' title='bbox 914 2488 1048 2536; x_wconf 87' lang='lat' dir='ltr'>penu</span> <span class='ocrx_word' id='word_1_176' title='bbox 1086 2472 1273 2535; x_wconf 72' lang='lat' dir='ltr'>habet,</span> <span class='ocrx_word' id='word_1_177' title='bbox 1311 2469 1690 2535; x_wconf 81' lang='lat' dir='ltr'>depromendi,</span> 
     </span>
     <span class='ocr_line' id='line_1_30' title="bbox 279 2548 1687 2605; baseline 0.001 -9"><span class='ocrx_word' id='word_1_178' title='bbox 279 2556 369 2596; x_wconf 84' lang='lat' dir='ltr'>aut</span> <span class='ocrx_word' id='word_1_179' title='bbox 392 2566 633 2598; x_wconf 88' lang='lat' dir='ltr'>severam</span> <span class='ocrx_word' id='word_1_180' title='bbox 657 2553 707 2598; x_wconf 91' lang='lat' dir='ltr'>in</span> <span class='ocrx_word' id='word_1_181' title='bbox 738 2551 874 2599; x_wconf 87' lang='lat' dir='ltr'>alios</span> <span class='ocrx_word' id='word_1_182' title='bbox 896 2554 1194 2601; x_wconf 87' lang='lat' dir='ltr'>stricturam</span> <span class='ocrx_word' id='word_1_183' title='bbox 1226 2548 1510 2605; x_wconf 82' lang='lat' dir='ltr'>exercendi</span> <span class='ocrx_word' id='word_1_184' title='bbox 1534 2565 1687 2598; x_wconf 65' lang='lat' dir='ltr'>occa·⁴</span> 
     </span>
     <span class='ocr_line' id='line_1_31' title="bbox 278 2623 1688 2696; baseline 0.004 -21"><span class='ocrx_word' id='word_1_185' title='bbox 278 2629 484 2679; x_wconf 83' lang='lat' dir='ltr'>sionem</span> <span class='ocrx_word' id='word_1_186' title='bbox 513 2626 612 2678; x_wconf 86' lang='lat' dir='ltr'>sibi</span> <span class='ocrx_word' id='word_1_187' title='bbox 642 2629 822 2677; x_wconf 83' lang='lat' dir='ltr'>datam</span> <span class='ocrx_word' id='word_1_188' title='bbox 849 2639 1025 2696; x_wconf 87' lang='lat' dir='ltr'>putet,</span> <span class='ocrx_word' id='word_1_189' title='bbox 1059 2629 1348 2678; x_wconf 85' lang='lat' dir='ltr'>ambitiose</span> <span class='ocrx_word' id='word_1_190' title='bbox 1374 2623 1688 2689; x_wconf 67' lang='lat' dir='ltr'>morabitur,-</span> 
     </span>
     <span class='ocr_line' id='line_1_32' title="bbox 279 2704 1684 2773; baseline 0.002 -17"><span class='ocrx_word' id='word_1_191' title='bbox 279 2704 373 2756; x_wconf 83' lang='lat' dir='ltr'>secl</span> <span class='ocrx_word' id='word_1_192' title='bbox 433 2706 835 2757; x_wconf 82' lang='lat' dir='ltr'>adolescentum</span> <span class='ocrx_word' id='word_1_193' title='bbox 889 2708 1125 2771; x_wconf 85' lang='lat' dir='ltr'>utilitati,</span> <span class='ocrx_word' id='word_1_194' title='bbox 1165 2725 1326 2773; x_wconf 83' lang='lat' dir='ltr'>quam</span> <span class='ocrx_word' id='word_1_195' title='bbox 1384 2723 1594 2771; x_wconf 81' lang='lat' dir='ltr'>semper</span> <span class='ocrx_word' id='word_1_196' title='bbox 1628 2711 1684 2759; x_wconf 88' lang='lat' dir='ltr'>in</span> 
     </span>
    </p>
   </div>
  </div>
 </body>
</html>
