1779 3085
664 231 1022 291 -651-

169 349 254 387 dum
286 352 334 388 sit
363 353 494 390 animo.
554 351 709 402 Si'quid
752 354 896 388 omnino
932 349 1193 399 argutandum‚
1239 347 1385 385 mallem
1416 347 1527 392 Quin·

168 414 279 448 etium
315 414 499 460 augendae
523 415 574 449 rei
599 413 720 461 paullo
752 416 1010 458 intentiorem,
1034 415 1094 465 qui
1114 414 1206 449 adeo
1231 414 1343 462 partis
1372 409 1530 445 abstine·

166 482 222 508 ret
238 499 249 516 5
288 476 452 527 vitaeque
477 473 544 510 sibi
570 475 644 524 ipse
668 473 822 512 fructum
857 478 1113 526 interciperet,
1140 476 1195 509 his
1218 488 1237 509 a
1265 482 1372 523 poeta
1396 473 1526 508 leviter

167 542 328 571 notatum
356 536 494 572 dicere·

257 606 289 631 v·
309 601 329 635 5
352 613 396 622 -
416 599 450 634 8.
488 595 608 630 Aetas
639 599 735 632 enim
769 598 965 641 juvenilis,
999 609 1090 648 quae
1126 596 1205 631 sola
1239 595 1402 630 fruendis
1429 596 1525 629 vitae

163 654 310 691 deliciis
329 664 410 706 apta
442 665 522 700 est,
559 669 671 703 quam
697 658 770 691 cito
805 657 974 702 (Tibull.
1003 661 1033 693 l.
1061 670 1095 701 4.
1124 662 1211 701 27.)
1240 655 1412 690 transiit!
1444 655 1528 690 Sua-

162 719 309 753 vissimo
342 718 592 754 Phantasmate
627 719 696 753 hoc
732 721 1017 768 repraesentavit
1039 718 1223 756 Horatius.
1258 719 1351 752 Dum
1395 717 1429 750 in
1455 717 1529 764 pri·

157 790 217 814 ma
252 787 371 816 aetate
402 780 585 816 constituti
618 792 760 823 sumus,
795 780 897 816 adest
930 781 976 816 ad
1008 780 1104 816 latus
1139 779 1317 813 luventas
1356 777 1425 813 dea
1446 790 1527 812 cuin

156 842 368 875 commitatu
390 853 454 876 suo
470 866 479 883 ,
517 839 687 884 Decore,
724 839 953 882 Amoribus,
991 840 1157 881 Somno;
1194 838 1279 874 dum
1306 846 1424 874 aetate
1446 850 1529 887 pro-

159 900 344 946 vehimur,
370 901 436 936 illa
459 913 480 936 a
507 901 726 946 Senectute,
753 917 843 954 quae
871 915 932 938 nos
958 904 1121 952 excipit,
1148 902 1249 951 pulsa
1270 905 1372 934 retro
1385 898 1526 948 fugit,

159 963 326 1007 recedit,
362 977 424 1000 nos
447 964 596 1002 deserit.
645 964 796 1000 Scilicet
829 963 1039 1000 nobilitavit
1062 966 1116 999 sic
1139 971 1247 1013 poeta
1271 963 1454 1010 vulgarem
1477 962 1529 996 lo-

156 1023 292 1074 quendi
318 1027 492 1060 rationem
508 1051 518 1066 ,
553 1037 622 1075 qua
648 1024 758 1067 anni,
784 1039 873 1077 quos
895 1028 1111 1066 vixerimus,
1147 1023 1336 1067 recedere,
1367 1035 1528 1073 quosque

159 1086 392 1131 attingimus,
428 1084 551 1117 venire
583 1084 762 1121 dicuutur.
812 1087 943 1121 Noster
978 1087 1023 1122 A.
1051 1085 1091 1119 P·
1131 1091 1205 1128 175.
1247 1082 1529 1129 Multafirunt

159 1145 253 1181 anni
269 1147 456 1181 venientes
477 1147 676 1182 commoda
698 1160 837 1189 secum,
860 1148 984 1182 multa
1005 1146 1215 1182 recedentes
1228 1144 1415 1179 adimunt.
1437 1145 1529 1180 Stat.

157 1205 280 1242 Theb.
309 1207 376 1242 Ill.
403 1219 483 1254 215.
519 1209 642 1243 Juxta
666 1207 728 1242 illi
742 1208 828 1244 finis
849 1214 884 1242 et
908 1213 1013 1243 aetas
1031 1213 1113 1243 tota
1137 1211 1254 1242 retro.
1306 1205 1444 1237 Levem
1467 1204 1527 1240 Ju-

160 1278 302 1303 ventam
335 1281 406 1314 quo
438 1283 544 1306 sensu
566 1271 602 1308 h.
629 1271 654 1305 l·
688 1272 857 1306 Horatius
889 1271 1046 1311 dixerit,
1088 1271 1143 1304 vix
1169 1277 1270 1305 certo
1293 1269 1528 1317 pronuntiare

158 1328 259 1365 licet.
317 1330 437 1366 Potest
486 1335 691 1383 oppositum
728 1332 842 1368 videri
867 1330 1177 1376 senectutigravi
1200 1357 1209 1373 ‚
1255 1340 1403 1365 severae
1426 1353 1437 1370 ,
1491 1335 1528 1362 ut

157 1391 251 1440 apud
264 1390 352 1426 Tib.
370 1396 401 1428 l.
424 1405 456 1431 ι.
473 1404 530 1439 73.
578 1394 688 1428 Nunc
707 1393 797 1426 levis
820 1399 876 1427 est
897 1393 1099 1426 tractanda
1127 1391 1265 1428 Venus.
1315 1390 1421 1425 Esset
1435 1389 1528 1425 adeo

159 1452 333 1489 Juventas
371 1454 405 1489 in
441 1455 579 1491 lusibus
614 1463 810 1504 occupata,
857 1455 972 1490 amori
1011 1465 1162 1494 vacans,
1195 1461 1232 1487 ut
1266 1451 1296 1485 Ι.
1329 1452 1365 1487 6.
1400 1459 1453 1491 15.
1493 1456 1529 1485 et

157 1512 264 1550 alibi.
315 1515 439 1550 Potest
474 1525 509 1551 et
539 1518 657 1564 jungi:
695 1515 786 1549 levis
808 1515 944 1562 fugit,
981 1517 1016 1550 h.
1044 1514 1239 1549 celerrime
1273 1511 1436 1559 aufugit,
1474 1523 1528 1546 sa-

157 1575 205 1609 tis
239 1575 347 1611 docta
380 1587 415 1611 et
438 1586 522 1628 apta
554 1580 587 1612 h.
620 1578 644 1614 l.
676 1579 826 1614 ratione.
864 1575 922 1611 Cf.
957 1575 1058 1622 Virg.
1083 1574 1176 1609 Aen.
1204 1573 1248 1607 V.
1277 1578 1353 1615 819.
1378 1570 1444 1607 VI.
1472 1580 1525 1613 17.

155 1636 322 1675 Praestat
352 1646 471 1673 tamen
508 1637 564 1673 vel
586 1639 660 1680 sic,
699 1651 779 1673 meo
810 1637 957 1688 quidem
981 1636 1140 1683 judicio,
1173 1647 1240 1683 pro
1264 1642 1440 1683 perpetuo
1464 1634 1527 1668 Ju-

157 1705 285 1733 ventae
322 1699 486 1748 epitheto
516 1702 686 1748 accipere
715 1700 752 1733 h.
777 1697 825 1740 1.,
862 1705 899 1732 ut
922 1696 1001 1730 Juv.
1025 1695 1117 1729 levis
1141 1697 1188 1729 sit
1212 1696 1409 1741 imberbis,
1438 1693 1528 1730 mol-

155 1757 216 1802 lis,
240 1768 380 1802 tenera,
406 1769 444 1796 ut
472 1774 606 1809 oppon.
631 1760 818 1796 Senectuti
842 1756 986 1796 aridae,
1014 1767 1176 1801 rugosae.
1200 1754 1262 1790 sic
1287 1754 1377 1788 levis
1402 1756 1526 1801 Agyi-

155 1831 242 1862 eus,
275 1826 361 1854 Λεῖος
391 1816 543 1862 finium,
581 1819 645 1853 IV·
677 1819 711 1855 6.
734 1825 789 1857 28.
829 1825 1004 1867 quatenus
1039 1819 1193 1850 aeterna
1219 1823 1272 1851 est
1300 1814 1447 1851 Phoebo
1468 1817 1526 1857 J‘u—

158 1885 288 1913 ventas
317 1879 462 1915 Tibull.
496 1880 526 1914 Ι.
555 1889 590 1917 4.
625 1889 682 1924 37.
709 1898 753 1905 —-
786 1876 935 1920 Decor,
969 1876 1226 1927 pulchritudo,
1263 1890 1354 1928 quae
1390 1892 1408 1913 e
1444 1890 1526 1913 con-

94 1983 98 1986 *
156 1942 266 1975 cinno
304 1939 550 1976 membrorum
584 1938 709 1974 habitu
741 1939 874 1975 elucet.
926 1939 1019 1973 Nota
1056 1937 1224 1973 Tibulli:
1272 1939 1390 1972 Illam
1419 1938 1528 1985 quid—

156 2000 250 2048 quid
269 2001 365 2048 ugit,
393 2011 539 2047 quoquo
554 1999 717 2046 vestigia
741 2000 878 2042 movit,
903 1998 1095 2044 componit
1105 1998 1256 2046 furtim
1276 1998 1526 2045 subsequitur-

158 2056 230 2110 que
263 2063 403 2098 Decor.
425 2080 469 2088 —
505 2061 614 2095 arida
629 2061 798 2109 pellente
825 2069 898 2098 cet.
933 2060 1182 2097 continuanda
1220 2071 1350 2111 poetae
1376 2065 1428 2098 sic
1449 2072 1525 2099 erat

155 2126 292 2161 oratio:
325 2125 416 2173 fugit
440 2123 616 2171 (fugiunt)
638 2125 806 2159 Juventas
840 2133 876 2160 et
898 2126 1033 2161 Decor.
1048 2152 1058 2168 ‚
1099 2139 1118 2160 a
1141 2132 1326 2161 senectute
1344 2124 1455 2174 pulsi,
1471 2137 1526 2160 ac-

153 2186 310 2222 cedente
345 2188 520 2228 Senecta;
565 2187 631 2222 sed
666 2188 744 2222 istis
777 2187 886 2230 docte
929 2188 1102 2223 Juventae
1135 2190 1285 2230 comites
1318 2187 1525 2230 substituit,

156 2247 310 2284 Amores
347 2256 381 2284 et
410 2246 595 2286 Somnum·
647 2247 836 2291 Canities,
871 2247 1046 2286 Senectus
1086 2249 1144 2293 (ut
1178 2248 1208 2283 I.
1228 2260 1263 2292 9.
1289 2248 1378 2292 17.)
1414 2246 1525 2281 arida

154 2309 273 2350 sicca,
315 2309 535 2352 macilenta,
574 2321 716 2356 rugosa.
749 2323 781 2344 v.
814 2309 861 2343 ad
896 2309 925 2342 1.
959 2319 1016 2355 25·
1054 2320 1108 2355 19.
1141 2308 1236 2345 adde
1272 2309 1462 2346 Claudian.
1489 2312 1524 2344 in

139 2369 307 2419 ·Eutrop.
355 2371 383 2404 1.
417 2374 498 2416 269·
523 2389 567 2399 —
608 2368 721 2416 pellit
756 2371 941 2412 Amores,
989 2373 1152 2418 respuit,
1190 2374 1390 2419 exstinguit
1430 2386 1526 2408 amo-

157 2441 260 2473 rem,
297 2431 334 2463 τι)
367 2429 476 2477 γῆρας
504 2433 564 2471 4τὴν
596 2431 728 2477 Κύπριν
758 2438 895 2476 χαίρειν
927 2429 970 2473 ε’,ἆ
996 2432 1124 2478 Eurip·
1148 2431 1193 2467 fr.
1231 2432 1338 2470 Aeol.
1365 2449 1400 2470 n.
1424 2433 1524 2470 XIX.

154 2509 201 2519 -—
224 2491 410 2534 lascivos,
438 2490 654 2539 τρυφὶἰντας,
678 2492 816 2528 lusibus
841 2493 987 2529 deditos
1002 2520 1011 2536 ,
1037 2503 1216 2545 perpetuo
1237 2496 1382 2532 Amoris
1410 2503 1443 2530 et
1466 2508 1526 2531 ae-

156 2554 240 2588 tatis
279 2551 450 2601 juvenilis
488 2553 670 2602 epitheto·
693 2572 739 2580 -
758 2552 898 2601 filcile}
921 2553 1097 2601 Somnus,
1135 2558 1196 2607 qui
1224 2556 1333 2602 facile
1355 2555 1527 2605 obrepit,

155 2626 285 2663 oppos·
324 2626 450 2650 senum
484 2617 686 2652 insomniis.

249 2687 280 2709 v.
316 2686 353 2718 9.
387 2676 556 2713 solennis
586 2676 662 2714 fere
693 2689 715 2713 a
741 2685 890 2717 naturae
924 2679 1179 2720 vicissitudine
1223 2683 1420 2730 juventutis
1454 2684 1527 2718 cito
