<?xml version="1.0" encoding="UTF-8"?>
<!DOCTYPE html PUBLIC "-//W3C//DTD XHTML 1.0 Transitional//EN"
    "http://www.w3.org/TR/xhtml1/DTD/xhtml1-transitional.dtd">
<html xmlns="http://www.w3.org/1999/xhtml" xml:lang="en" lang="en">
 <head>
  <title>
</title>
<meta http-equiv="Content-Type" content="text/html;charset=utf-8" />
  <meta name='ocr-system' content='tesseract 3.04.00' />
  <meta name='ocr-capabilities' content='ocr_page ocr_carea ocr_par ocr_line ocrx_word'/>
</head>
<body>
  <div class='ocr_page' id='page_1' title='image "./quintihoratiifla01horauoft_0686.png"; bbox 0 0 1779 3085; ppageno 0'>
   <div class='ocr_carea' id='block_1_1' title="bbox 709 219 1078 262">
    <p class='ocr_par' dir='ltr' id='par_1_1' title="bbox 709 219 1078 262">
     <span class='ocr_line' id='line_1_1' title="bbox 709 219 1078 262; baseline -0.003 0"><span class='ocrx_word' id='word_1_1' title='bbox 709 219 1078 262; x_wconf 50' lang='lat'><em>«682-0</em></span> 
     </span>
    </p>
   </div>
   <div class='ocr_carea' id='block_1_2' title="bbox 203 330 1603 2663">
    <p class='ocr_par' dir='ltr' id='par_1_2' title="bbox 203 330 1593 921">
     <span class='ocr_line' id='line_1_2' title="bbox 209 330 1586 382; baseline 0.001 -15"><span class='ocrx_word' id='word_1_2' title='bbox 209 332 298 367; x_wconf 79' lang='lat' dir='ltr'>dosa</span> <span class='ocrx_word' id='word_1_3' title='bbox 319 332 513 375; x_wconf 73' lang='lat' dir='ltr'><em>excludit,</em></span> <span class='ocrx_word' id='word_1_4' title='bbox 540 332 679 369; x_wconf 78' lang='lat' dir='ltr'>arcebit</span> <span class='ocrx_word' id='word_1_5' title='bbox 708 335 784 382; x_wconf 76' lang='lat' dir='ltr'>ipsa</span> <span class='ocrx_word' id='word_1_6' title='bbox 814 334 882 370; x_wconf 81' lang='lat' dir='ltr'>hac</span> <span class='ocrx_word' id='word_1_7' title='bbox 903 345 1085 369; x_wconf 85' lang='lat' dir='ltr'>ramorum</span> <span class='ocrx_word' id='word_1_8' title='bbox 1106 331 1288 370; x_wconf 72' lang='lat' dir='ltr'>densitate</span> <span class='ocrx_word' id='word_1_9' title='bbox 1310 331 1426 369; x_wconf 79' lang='lat' dir='ltr'>solem</span> <span class='ocrx_word' id='word_1_10' title='bbox 1440 358 1451 377; x_wconf 84' lang='lat'><em>‚</em></span> <span class='ocrx_word' id='word_1_11' title='bbox 1474 330 1586 369; x_wconf 72' lang='lat' dir='ltr'>adeo·</span> 
     </span>
     <span class='ocr_line' id='line_1_3' title="bbox 206 392 1583 443; baseline -0.001 -16"><span class='ocrx_word' id='word_1_12' title='bbox 206 407 275 443; x_wconf 80' lang='lat' dir='ltr'>que</span> <span class='ocrx_word' id='word_1_13' title='bbox 298 392 448 429; x_wconf 85' lang='lat' dir='ltr'>densam</span> <span class='ocrx_word' id='word_1_14' title='bbox 471 392 635 430; x_wconf 86' lang='lat' dir='ltr'>umbram</span> <span class='ocrx_word' id='word_1_15' title='bbox 657 392 806 430; x_wconf 82' lang='lat' dir='ltr'>efficiet.</span> <span class='ocrx_word' id='word_1_16' title='bbox 835 395 973 430; x_wconf 81' lang='lat' dir='ltr'>Auson.</span> <span class='ocrx_word' id='word_1_17' title='bbox 1000 394 1100 430; x_wconf 82' lang='lat' dir='ltr'>Mos.</span> <span class='ocrx_word' id='word_1_18' title='bbox 1123 400 1175 435; x_wconf 73' lang='lat'>15¹</span> <span class='ocrx_word' id='word_1_19' title='bbox 1206 392 1390 428; x_wconf 78' lang='lat' dir='ltr'>consortis</span> <span class='ocrx_word' id='word_1_20' title='bbox 1406 403 1474 439; x_wconf 84' lang='lat' dir='ltr'>per</span> <span class='ocrx_word' id='word_1_21' title='bbox 1497 405 1583 427; x_wconf 79' lang='lat' dir='ltr'>mu-</span> 
     </span>
     <span class='ocr_line' id='line_1_4' title="bbox 206 448 1585 502; baseline 0.002 -15"><span class='ocrx_word' id='word_1_22' title='bbox 206 459 272 487; x_wconf 74' lang='lat' dir='ltr'>tua</span> <span class='ocrx_word' id='word_1_23' title='bbox 293 448 445 489; x_wconf 78' lang='lat' dir='ltr'>vincula</span> <span class='ocrx_word' id='word_1_24' title='bbox 469 457 590 490; x_wconf 81' lang='lat' dir='ltr'>ramis</span> <span class='ocrx_word' id='word_1_25' title='bbox 615 474 659 484; x_wconf 92' lang='lat'><em>-</em></span> <span class='ocrx_word' id='word_1_26' title='bbox 684 456 885 490; x_wconf 69' lang='lat' dir='ltr'>exclusum</span> <span class='ocrx_word' id='word_1_27' title='bbox 906 455 1021 489; x_wconf 77' lang='lat' dir='ltr'>viridi</span> <span class='ocrx_word' id='word_1_28' title='bbox 1046 455 1209 502; x_wconf 79' lang='lat' dir='ltr'>caligine</span> <span class='ocrx_word' id='word_1_29' title='bbox 1229 456 1389 490; x_wconf 79' lang='lat' dir='ltr'>coelum.</span> <span class='ocrx_word' id='word_1_30' title='bbox 1416 455 1485 490; x_wconf 88' lang='lat' dir='ltr'>Pro</span> <span class='ocrx_word' id='word_1_31' title='bbox 1504 455 1585 491; x_wconf 81' lang='lat' dir='ltr'>sole</span> 
     </span>
     <span class='ocr_line' id='line_1_5' title="bbox 209 513 1586 564; baseline 0.001 -15"><span class='ocrx_word' id='word_1_32' title='bbox 209 515 320 551; x_wconf 82' lang='lat' dir='ltr'>docte</span> <span class='ocrx_word' id='word_1_33' title='bbox 351 525 433 552; x_wconf 86' lang='lat' dir='ltr'>sunt</span> <span class='ocrx_word' id='word_1_34' title='bbox 454 516 606 564; x_wconf 84' lang='lat' dir='ltr'>fervidi</span> <span class='ocrx_word' id='word_1_35' title='bbox 640 517 761 561; x_wconf 77' lang='lat' dir='ltr'>ictus,</span> <span class='ocrx_word' id='word_1_36' title='bbox 799 513 898 561; x_wconf 75' lang='grc' dir='ltr'>3ερμ’</span> <span class='ocrx_word' id='word_1_37' title='bbox 933 517 1033 558; x_wconf 76' lang='grc' dir='ltr'>ἡλίου</span> <span class='ocrx_word' id='word_1_38' title='bbox 1061 516 1280 560; x_wconf 71' lang='grc' dir='ltr'>τοξεύματα,</span> <span class='ocrx_word' id='word_1_39' title='bbox 1315 518 1460 561; x_wconf 79' lang='lat' dir='ltr'>(incett.</span> <span class='ocrx_word' id='word_1_40' title='bbox 1487 516 1586 561; x_wconf 82' lang='lat' dir='ltr'>apud</span> 
     </span>
     <span class='ocr_line' id='line_1_6' title="bbox 209 574 1587 630; baseline 0 -19"><span class='ocrx_word' id='word_1_41' title='bbox 209 574 316 612; x_wconf 75' lang='lat' dir='ltr'>Siob.</span> <span class='ocrx_word' id='word_1_42' title='bbox 339 579 374 613; x_wconf 86' lang='lat' dir='ltr'>in</span> <span class='ocrx_word' id='word_1_43' title='bbox 401 578 532 615; x_wconf 87' lang='lat' dir='ltr'>Floril.</span> <span class='ocrx_word' id='word_1_44' title='bbox 555 582 661 616; x_wconf 72' lang='lat' dir='ltr'>Grot,</span> <span class='ocrx_word' id='word_1_45' title='bbox 687 594 724 629; x_wconf 88' lang='lat' dir='ltr'>p.</span> <span class='ocrx_word' id='word_1_46' title='bbox 751 580 851 625; x_wconf 77' lang='lat'>303.)</span> <span class='ocrx_word' id='word_1_47' title='bbox 873 586 1050 630; x_wconf 80' lang='lat' dir='ltr'>quatenus</span> <span class='ocrx_word' id='word_1_48' title='bbox 1074 590 1131 614; x_wconf 84' lang='lat' dir='ltr'>res</span> <span class='ocrx_word' id='word_1_49' title='bbox 1154 577 1296 624; x_wconf 83' lang='lat' dir='ltr'>fulgore</span> <span class='ocrx_word' id='word_1_50' title='bbox 1323 579 1447 629; x_wconf 81' lang='lat' dir='ltr'>aliquo</span> <span class='ocrx_word' id='word_1_51' title='bbox 1473 577 1587 612; x_wconf 89' lang='lat' dir='ltr'>collu-</span> 
     </span>
     <span class='ocr_line' id='line_1_7' title="bbox 203 637 1588 690; baseline -0.001 -17"><span class='ocrx_word' id='word_1_52' title='bbox 203 646 338 675; x_wconf 73' lang='lat' dir='ltr'>stratae</span> <span class='ocrx_word' id='word_1_53' title='bbox 349 639 483 687; x_wconf 67' lang='lat' dir='ltr'>fierit-i,</span> <span class='ocrx_word' id='word_1_54' title='bbox 506 639 668 687; x_wconf 80' lang='lat' dir='ltr'>percuti,</span> <span class='ocrx_word' id='word_1_55' title='bbox 696 640 869 689; x_wconf 87' lang='lat' dir='ltr'>splendor</span> <span class='ocrx_word' id='word_1_56' title='bbox 892 638 1009 684; x_wconf 86' lang='lat' dir='ltr'>adeo,</span> <span class='ocrx_word' id='word_1_57' title='bbox 1035 641 1096 690; x_wconf 88' lang='lat' dir='ltr'>qui</span> <span class='ocrx_word' id='word_1_58' title='bbox 1117 637 1299 685; x_wconf 75' lang='lat' dir='ltr'><strong>refulget,</strong></span> <span class='ocrx_word' id='word_1_59' title='bbox 1325 638 1588 682; x_wconf 66' lang='grc' dir='ltr'>ἀμαρύγματα,</span> 
     </span>
     <span class='ocr_line' id='line_1_8' title="bbox 204 699 1591 753; baseline -0.001 -17"><span class='ocrx_word' id='word_1_60' title='bbox 204 700 270 736; x_wconf 87' lang='lat' dir='ltr'>teli</span> <span class='ocrx_word' id='word_1_61' title='bbox 297 703 408 737; x_wconf 89' lang='lat' dir='ltr'>instar</span> <span class='ocrx_word' id='word_1_62' title='bbox 437 705 555 738; x_wconf 88' lang='lat' dir='ltr'>emitti</span> <span class='ocrx_word' id='word_1_63' title='bbox 585 704 767 739; x_wconf 85' lang='lat' dir='ltr'>dicuntur.</span> <span class='ocrx_word' id='word_1_64' title='bbox 793 701 1061 753; x_wconf 76' lang='lat' dir='ltr'>Frequentatae</span> <span class='ocrx_word' id='word_1_65' title='bbox 1088 701 1175 736; x_wconf 84' lang='lat' dir='ltr'>hinc</span> <span class='ocrx_word' id='word_1_66' title='bbox 1201 700 1375 752; x_wconf 80' lang='lat' dir='ltr'>loquendi</span> <span class='ocrx_word' id='word_1_67' title='bbox 1397 699 1591 740; x_wconf 80' lang='lat' dir='ltr'>formulae.</span> 
     </span>
     <span class='ocr_line' id='line_1_9' title="bbox 203 759 1590 813; baseline -0.001 -19"><span class='ocrx_word' id='word_1_68' title='bbox 203 763 288 802; x_wconf 68' lang='grc' dir='ltr'>ἤλιές</span> <span class='ocrx_word' id='word_1_69' title='bbox 308 763 414 803; x_wconf 75' lang='grc' dir='ltr'><strong><em>βολαὶ</em></strong></span> <span class='ocrx_word' id='word_1_70' title='bbox 443 763 588 813; x_wconf 81' lang='lat' dir='ltr'>(Em-ip.</span> <span class='ocrx_word' id='word_1_71' title='bbox 604 764 742 800; x_wconf 79' lang='lat' dir='ltr'>Bacch.</span> <span class='ocrx_word' id='word_1_72' title='bbox 768 767 852 805; x_wconf 78' lang='lat'><strong>458-</strong></span> <span class='ocrx_word' id='word_1_73' title='bbox 878 761 999 812; x_wconf 84' lang='lat' dir='ltr'><strong>Apoll.</strong></span> <span class='ocrx_word' id='word_1_74' title='bbox 1027 762 1099 797; x_wconf 86' lang='lat' dir='ltr'>Rh.</span> <span class='ocrx_word' id='word_1_75' title='bbox 1125 761 1189 796; x_wconf 88' lang='lat' dir='ltr'>IV.</span> <span class='ocrx_word' id='word_1_76' title='bbox 1210 763 1310 804; x_wconf 73' lang='lat'>079.)</span> <span class='ocrx_word' id='word_1_77' title='bbox 1336 761 1445 803; x_wconf 75' lang='lat' dir='ltr'>ictus,</span> <span class='ocrx_word' id='word_1_78' title='bbox 1468 759 1590 794; x_wconf 74' lang='lat' dir='ltr'>verbe·</span> 
     </span>
     <span class='ocr_line' id='line_1_10' title="bbox 205 823 1593 874; baseline 0.003 -19"><span class='ocrx_word' id='word_1_79' title='bbox 205 833 247 855; x_wconf 83' lang='lat' dir='ltr'>ra</span> <span class='ocrx_word' id='word_1_80' title='bbox 264 825 357 857; x_wconf 71' lang='lat' dir='ltr'>solis</span> <span class='ocrx_word' id='word_1_81' title='bbox 380 823 549 868; x_wconf 79' lang='lat' dir='ltr'>(Lucret.</span> <span class='ocrx_word' id='word_1_82' title='bbox 575 826 619 859; x_wconf 91' lang='lat' dir='ltr'>V.</span> <span class='ocrx_word' id='word_1_83' title='bbox 639 828 719 867; x_wconf 73' lang='lat'><strong>486.</strong></span> <span class='ocrx_word' id='word_1_84' title='bbox 744 827 844 869; x_wconf 78' lang='lat'><em>612.)</em></span> <span class='ocrx_word' id='word_1_85' title='bbox 872 825 947 860; x_wconf 74' lang='lat' dir='ltr'>tela</span> <span class='ocrx_word' id='word_1_86' title='bbox 972 824 1047 858; x_wconf 82' lang='lat' dir='ltr'>diei</span> <span class='ocrx_word' id='word_1_87' title='bbox 1068 824 1236 871; x_wconf 84' lang='lat' dir='ltr'>(Lucret.</span> <span class='ocrx_word' id='word_1_88' title='bbox 1261 825 1415 874; x_wconf 80' lang='lat' dir='ltr'>passim)</span> <span class='ocrx_word' id='word_1_89' title='bbox 1431 831 1467 859; x_wconf 86' lang='lat' dir='ltr'>et</span> <span class='ocrx_word' id='word_1_90' title='bbox 1479 823 1593 859; x_wconf 83' lang='lat' dir='ltr'>aliae.</span> 
     </span>
     <span class='ocr_line' id='line_1_11' title="bbox 204 879 1271 921; baseline 0 -2"><span class='ocrx_word' id='word_1_91' title='bbox 204 883 281 919; x_wconf 82' lang='lat' dir='ltr'>vid.</span> <span class='ocrx_word' id='word_1_92' title='bbox 308 885 480 921; x_wconf 84' lang='lat' dir='ltr'>Lambin.</span> <span class='ocrx_word' id='word_1_93' title='bbox 776 890 778 894; x_wconf 80' lang='lat'><em>&#39;</em></span> <span class='ocrx_word' id='word_1_94' title='bbox 1265 879 1271 885; x_wconf 61' lang='grc'><strong>’</strong></span> 
     </span>
    </p>

    <p class='ocr_par' dir='ltr' id='par_1_3' title="bbox 203 938 1603 2663">
     <span class='ocr_line' id='line_1_12' title="bbox 295 938 1583 998; baseline 0 -17"><span class='ocrx_word' id='word_1_95' title='bbox 295 956 327 978; x_wconf 84' lang='lat' dir='ltr'>v.</span> <span class='ocrx_word' id='word_1_96' title='bbox 353 956 408 982; x_wconf 83' lang='grc' dir='ltr'>ιο.</span> <span class='ocrx_word' id='word_1_97' title='bbox 431 957 513 993; x_wconf 80' lang='lat' dir='ltr'>sqq.</span> <span class='ocrx_word' id='word_1_98' title='bbox 536 938 595 982; x_wconf 59' lang='lat' dir='ltr'>xAc</span> <span class='ocrx_word' id='word_1_99' title='bbox 619 948 656 981; x_wconf 85' lang='lat' dir='ltr'>in</span> <span class='ocrx_word' id='word_1_100' title='bbox 673 946 746 982; x_wconf 89' lang='lat' dir='ltr'>hoc</span> <span class='ocrx_word' id='word_1_101' title='bbox 766 945 917 998; x_wconf 84' lang='lat' dir='ltr'>quidem</span> <span class='ocrx_word' id='word_1_102' title='bbox 940 953 1113 996; x_wconf 82' lang='lat' dir='ltr'>quantum</span> <span class='ocrx_word' id='word_1_103' title='bbox 1137 944 1182 980; x_wconf 85' lang='lat' dir='ltr'>ab</span> <span class='ocrx_word' id='word_1_104' title='bbox 1203 947 1379 982; x_wconf 85' lang='lat' dir='ltr'>institutis</span> <span class='ocrx_word' id='word_1_105' title='bbox 1401 949 1583 995; x_wconf 84' lang='lat' dir='ltr'>majorum</span> 
     </span>
     <span class='ocr_line' id='line_1_13' title="bbox 209 1006 1587 1057; baseline -0.003 -14"><span class='ocrx_word' id='word_1_106' title='bbox 209 1007 474 1045; x_wconf 80' lang='lat' dir='ltr'>discessimus!</span> <span class='ocrx_word' id='word_1_107' title='bbox 502 1007 575 1044; x_wconf 88' lang='lat' dir='ltr'>alia</span> <span class='ocrx_word' id='word_1_108' title='bbox 605 1021 691 1045; x_wconf 83' lang='lat' dir='ltr'>sane</span> <span class='ocrx_word' id='word_1_109' title='bbox 719 1007 889 1057; x_wconf 85' lang='lat' dir='ltr'>exempla</span> <span class='ocrx_word' id='word_1_110' title='bbox 918 1006 1026 1042; x_wconf 86' lang='lat' dir='ltr'>nobis</span> <span class='ocrx_word' id='word_1_111' title='bbox 1049 1009 1207 1053; x_wconf 81' lang='lat' dir='ltr'>majores</span> <span class='ocrx_word' id='word_1_112' title='bbox 1243 1008 1358 1041; x_wconf 82' lang='lat' dir='ltr'>nostri</span> <span class='ocrx_word' id='word_1_113' title='bbox 1393 1006 1587 1057; x_wconf 81' lang='lat' dir='ltr'>reliquere.</span> 
     </span>
     <span class='ocr_line' id='line_1_14' title="bbox 203 1066 1589 1121; baseline -0.001 -18"><span class='ocrx_word' id='word_1_114' title='bbox 203 1066 282 1103; x_wconf 82' lang='lat' dir='ltr'>Jam</span> <span class='ocrx_word' id='word_1_115' title='bbox 312 1073 413 1117; x_wconf 79' lang='lat' dir='ltr'>cujus</span> <span class='ocrx_word' id='word_1_116' title='bbox 445 1083 488 1105; x_wconf 86' lang='lat' dir='ltr'>ea</span> <span class='ocrx_word' id='word_1_117' title='bbox 517 1070 663 1106; x_wconf 75' lang='lat' dir='ltr'>vivendi</span> <span class='ocrx_word' id='word_1_118' title='bbox 691 1079 744 1106; x_wconf 78' lang='lat' dir='ltr'>est</span> <span class='ocrx_word' id='word_1_119' title='bbox 772 1071 888 1114; x_wconf 84' lang='lat' dir='ltr'>ratio,</span> <span class='ocrx_word' id='word_1_120' title='bbox 915 1080 1023 1121; x_wconf 81' lang='lat' dir='ltr'>quam</span> <span class='ocrx_word' id='word_1_121' title='bbox 1055 1069 1214 1117; x_wconf 86' lang='lat' dir='ltr'>optimus</span> <span class='ocrx_word' id='word_1_122' title='bbox 1247 1070 1400 1120; x_wconf 84' lang='lat' dir='ltr'>quisque</span> <span class='ocrx_word' id='word_1_123' title='bbox 1434 1079 1589 1118; x_wconf 82' lang='lat' dir='ltr'>sequen-</span> 
     </span>
     <span class='ocr_line' id='line_1_15' title="bbox 205 1128 1591 1183; baseline 0.001 -20"><span class='ocrx_word' id='word_1_124' title='bbox 205 1128 289 1164; x_wconf 83' lang='lat' dir='ltr'>dam</span> <span class='ocrx_word' id='word_1_125' title='bbox 314 1139 472 1173; x_wconf 78' lang='lat' dir='ltr'>statuat,</span> <span class='ocrx_word' id='word_1_126' title='bbox 500 1134 529 1167; x_wconf 87' lang='lat' dir='ltr'>is</span> <span class='ocrx_word' id='word_1_127' title='bbox 555 1130 784 1179; x_wconf 71' lang='lat' dir='ltr'>praescribit</span> <span class='ocrx_word' id='word_1_128' title='bbox 814 1133 916 1183; x_wconf 84' lang='lat' dir='ltr'>quasi</span> <span class='ocrx_word' id='word_1_129' title='bbox 948 1134 1042 1167; x_wconf 81' lang='lat' dir='ltr'>vitae</span> <span class='ocrx_word' id='word_1_130' title='bbox 1067 1139 1167 1166; x_wconf 84' lang='lat' dir='ltr'>recte</span> <span class='ocrx_word' id='word_1_131' title='bbox 1200 1130 1443 1165; x_wconf 73' lang='lat' dir='ltr'>instituendae</span> <span class='ocrx_word' id='word_1_132' title='bbox 1479 1130 1591 1164; x_wconf 83' lang='lat' dir='ltr'>ratio-</span> 
     </span>
     <span class='ocr_line' id='line_1_16' title="bbox 204 1191 1593 1243; baseline 0.001 -18"><span class='ocrx_word' id='word_1_133' title='bbox 204 1204 312 1234; x_wconf 85' lang='lat' dir='ltr'>nem,</span> <span class='ocrx_word' id='word_1_134' title='bbox 351 1193 465 1228; x_wconf 83' lang='lat' dir='ltr'>tradit</span> <span class='ocrx_word' id='word_1_135' title='bbox 492 1193 667 1243; x_wconf 81' lang='lat' dir='ltr'>exemplo</span> <span class='ocrx_word' id='word_1_136' title='bbox 700 1207 764 1229; x_wconf 88' lang='lat' dir='ltr'>suo</span> <span class='ocrx_word' id='word_1_137' title='bbox 799 1201 899 1228; x_wconf 85' lang='lat' dir='ltr'>recte</span> <span class='ocrx_word' id='word_1_138' title='bbox 929 1192 1061 1239; x_wconf 84' lang='lat' dir='ltr'>agendi</span> <span class='ocrx_word' id='word_1_139' title='bbox 1086 1197 1307 1238; x_wconf 80' lang='lat' dir='ltr'>praecepta.</span> <span class='ocrx_word' id='word_1_140' title='bbox 1347 1192 1442 1227; x_wconf 86' lang='lat' dir='ltr'>Tum</span> <span class='ocrx_word' id='word_1_141' title='bbox 1472 1191 1593 1234; x_wconf 83' lang='lat' dir='ltr'>idem,</span> 
     </span>
     <span class='ocr_line' id='line_1_17' title="bbox 206 1254 1593 1304; baseline 0.001 -17"><span class='ocrx_word' id='word_1_142' title='bbox 206 1255 266 1303; x_wconf 85' lang='lat' dir='ltr'>qui</span> <span class='ocrx_word' id='word_1_143' title='bbox 293 1254 465 1303; x_wconf 83' lang='lat' dir='ltr'>exemplo</span> <span class='ocrx_word' id='word_1_144' title='bbox 487 1268 552 1290; x_wconf 86' lang='lat' dir='ltr'>suo</span> <span class='ocrx_word' id='word_1_145' title='bbox 572 1256 713 1304; x_wconf 87' lang='lat' dir='ltr'>praeit,</span> <span class='ocrx_word' id='word_1_146' title='bbox 738 1262 886 1299; x_wconf 63' lang='lat' dir='ltr'>auspex</span> <span class='ocrx_word' id='word_1_147' title='bbox 915 1255 948 1289; x_wconf 80' lang='lat' dir='ltr'>h.</span> <span class='ocrx_word' id='word_1_148' title='bbox 982 1254 1053 1290; x_wconf 75' lang='lat' dir='ltr'>&lt;lux</span> <span class='ocrx_word' id='word_1_149' title='bbox 1081 1261 1118 1289; x_wconf 82' lang='lat' dir='ltr'>et</span> <span class='ocrx_word' id='word_1_150' title='bbox 1143 1262 1266 1289; x_wconf 79' lang='lat' dir='ltr'>auctor</span> <span class='ocrx_word' id='word_1_151' title='bbox 1292 1255 1444 1289; x_wconf 84' lang='lat' dir='ltr'>rationis</span> <span class='ocrx_word' id='word_1_152' title='bbox 1468 1255 1593 1289; x_wconf 82' lang='lat' dir='ltr'>viven-</span> 
     </span>
     <span class='ocr_line' id='line_1_18' title="bbox 207 1314 1587 1366; baseline -0.001 -15"><span class='ocrx_word' id='word_1_153' title='bbox 207 1318 266 1360; x_wconf 82' lang='lat' dir='ltr'>di,</span> <span class='ocrx_word' id='word_1_154' title='bbox 300 1316 434 1364; x_wconf 83' lang='lat' dir='ltr'>agendi</span> <span class='ocrx_word' id='word_1_155' title='bbox 468 1324 539 1352; x_wconf 87' lang='lat' dir='ltr'>cet.</span> <span class='ocrx_word' id='word_1_156' title='bbox 576 1316 650 1352; x_wconf 85' lang='lat' dir='ltr'>dici</span> <span class='ocrx_word' id='word_1_157' title='bbox 683 1324 818 1366; x_wconf 81' lang='lat' dir='ltr'>potest.</span> <span class='ocrx_word' id='word_1_158' title='bbox 849 1314 1037 1364; x_wconf 79' lang='lat' dir='ltr'>Auspicia</span> <span class='ocrx_word' id='word_1_159' title='bbox 1071 1315 1165 1351; x_wconf 84' lang='lat' dir='ltr'>adeo</span> <span class='ocrx_word' id='word_1_160' title='bbox 1200 1324 1282 1351; x_wconf 86' lang='lat' dir='ltr'>sunt</span> <span class='ocrx_word' id='word_1_161' title='bbox 1305 1315 1494 1365; x_wconf 80' lang='lat' dir='ltr'>exempla,</span> <span class='ocrx_word' id='word_1_162' title='bbox 1519 1328 1587 1365; x_wconf 88' lang='lat' dir='ltr'>pro</span> 
     </span>
     <span class='ocr_line' id='line_1_19' title="bbox 205 1376 1590 1428; baseline 0 -16"><span class='ocrx_word' id='word_1_163' title='bbox 205 1389 334 1412; x_wconf 86' lang='lat' dir='ltr'>norma</span> <span class='ocrx_word' id='word_1_164' title='bbox 357 1377 484 1412; x_wconf 79' lang='lat' dir='ltr'>habita</span> <span class='ocrx_word' id='word_1_165' title='bbox 499 1405 509 1421; x_wconf 86' lang='lat'><em>,</em></span> <span class='ocrx_word' id='word_1_166' title='bbox 538 1391 630 1428; x_wconf 84' lang='lat' dir='ltr'>quae</span> <span class='ocrx_word' id='word_1_167' title='bbox 649 1376 942 1424; x_wconf 74' lang='lat' dir='ltr'>praescribunt,</span> <span class='ocrx_word' id='word_1_168' title='bbox 972 1378 1084 1420; x_wconf 83' lang='lat' dir='ltr'>dant,</span> <span class='ocrx_word' id='word_1_169' title='bbox 1110 1378 1344 1428; x_wconf 81' lang='lat' dir='ltr'>suppeditant</span> <span class='ocrx_word' id='word_1_170' title='bbox 1368 1379 1462 1414; x_wconf 83' lang='lat' dir='ltr'>vitae</span> <span class='ocrx_word' id='word_1_171' title='bbox 1485 1390 1590 1423; x_wconf 83' lang='lat' dir='ltr'>regu·</span> 
     </span>
     <span class='ocr_line' id='line_1_20' title="bbox 206 1436 1593 1489; baseline -0.001 -17"><span class='ocrx_word' id='word_1_172' title='bbox 206 1437 273 1474; x_wconf 81' lang='lat' dir='ltr'>las.</span> <span class='ocrx_word' id='word_1_173' title='bbox 299 1438 499 1484; x_wconf 86' lang='lat' dir='ltr'>Utrumque</span> <span class='ocrx_word' id='word_1_174' title='bbox 525 1440 622 1482; x_wconf 81' lang='lat' dir='ltr'>hoc,</span> <span class='ocrx_word' id='word_1_175' title='bbox 649 1439 731 1474; x_wconf 86' lang='lat' dir='ltr'>vide</span> <span class='ocrx_word' id='word_1_176' title='bbox 754 1451 862 1489; x_wconf 82' lang='lat' dir='ltr'>quam</span> <span class='ocrx_word' id='word_1_177' title='bbox 886 1437 996 1473; x_wconf 87' lang='lat' dir='ltr'>docte</span> <span class='ocrx_word' id='word_1_178' title='bbox 1021 1446 1131 1488; x_wconf 84' lang='lat' dir='ltr'>poeta</span> <span class='ocrx_word' id='word_1_179' title='bbox 1150 1440 1403 1487; x_wconf 84' lang='lat' dir='ltr'>conjunxerit!</span> <span class='ocrx_word' id='word_1_180' title='bbox 1432 1436 1518 1472; x_wconf 82' lang='lat' dir='ltr'>Non</span> <span class='ocrx_word' id='word_1_181' title='bbox 1533 1436 1593 1470; x_wconf 77' lang='lat' dir='ltr'>ita</span> 
     </span>
     <span class='ocr_line' id='line_1_21' title="bbox 203 1498 1594 1548; baseline 0.003 -18"><span class='ocrx_word' id='word_1_182' title='bbox 203 1509 371 1542; x_wconf 80' lang='lat' dir='ltr'>praescr.</span> <span class='ocrx_word' id='word_1_183' title='bbox 398 1509 506 1541; x_wconf 83' lang='lat' dir='ltr'><strong><em>ausp.</em></strong></span> <span class='ocrx_word' id='word_1_184' title='bbox 528 1499 577 1536; x_wconf 81' lang='lat' dir='ltr'>R.</span> <span class='ocrx_word' id='word_1_185' title='bbox 605 1504 643 1532; x_wconf 71' lang='lat' dir='ltr'>et</span> <span class='ocrx_word' id='word_1_186' title='bbox 668 1498 851 1542; x_wconf 78' lang='lat' dir='ltr'>Catonis,</span> <span class='ocrx_word' id='word_1_187' title='bbox 890 1499 999 1536; x_wconf 85' lang='lat' dir='ltr'>aliter</span> <span class='ocrx_word' id='word_1_188' title='bbox 1028 1512 1174 1548; x_wconf 83' lang='lat' dir='ltr'>prorsus</span> <span class='ocrx_word' id='word_1_189' title='bbox 1207 1501 1354 1536; x_wconf 83' lang='lat' dir='ltr'>Romuli</span> <span class='ocrx_word' id='word_1_190' title='bbox 1381 1508 1417 1536; x_wconf 86' lang='lat' dir='ltr'>et</span> <span class='ocrx_word' id='word_1_191' title='bbox 1442 1500 1594 1535; x_wconf 77' lang='lat' dir='ltr'>Catonis</span> 
     </span>
     <span class='ocr_line' id='line_1_22' title="bbox 209 1552 1595 1612; baseline 0.004 -19"><span class='ocrx_word' id='word_1_192' title='bbox 209 1571 276 1594; x_wconf 83' lang='lat' dir='ltr'>nos</span> <span class='ocrx_word' id='word_1_193' title='bbox 299 1571 406 1605; x_wconf 82' lang='lat' dir='ltr'>agere</span> <span class='ocrx_word' id='word_1_194' title='bbox 431 1559 556 1601; x_wconf 80' lang='lat' dir='ltr'>jubent</span> <span class='ocrx_word' id='word_1_195' title='bbox 579 1562 773 1609; x_wconf 52' lang='lat' dir='ltr'>exemplam,</span> <span class='ocrx_word' id='word_1_196' title='bbox 799 1560 906 1595; x_wconf 79' lang='lat' dir='ltr'>aliter</span> <span class='ocrx_word' id='word_1_197' title='bbox 931 1562 991 1595; x_wconf 70' lang='lat' dir='ltr'>isti</span> <span class='ocrx_word' id='word_1_198' title='bbox 1015 1552 1164 1603; x_wconf 74' lang='lat' dir='ltr'>vixere,</span> <span class='ocrx_word' id='word_1_199' title='bbox 1192 1576 1282 1612; x_wconf 85' lang='lat' dir='ltr'>quos</span> <span class='ocrx_word' id='word_1_200' title='bbox 1307 1565 1410 1612; x_wconf 80' lang='lat' dir='ltr'>sequi</span> <span class='ocrx_word' id='word_1_201' title='bbox 1444 1570 1595 1612; x_wconf 64' lang='lat' dir='ltr'>oportuv</span> 
     </span>
     <span class='ocr_line' id='line_1_23' title="bbox 212 1621 1592 1672; baseline 0.001 -16"><span class='ocrx_word' id='word_1_202' title='bbox 212 1628 314 1664; x_wconf 84' lang='lat' dir='ltr'>erat,</span> <span class='ocrx_word' id='word_1_203' title='bbox 352 1634 506 1672; x_wconf 84' lang='lat' dir='ltr'>quorum</span> <span class='ocrx_word' id='word_1_204' title='bbox 535 1622 682 1657; x_wconf 86' lang='lat' dir='ltr'>vivendi</span> <span class='ocrx_word' id='word_1_205' title='bbox 707 1624 799 1657; x_wconf 77' lang='lat' dir='ltr'>ratio</span> <span class='ocrx_word' id='word_1_206' title='bbox 822 1621 928 1657; x_wconf 86' lang='lat' dir='ltr'>nobis</span> <span class='ocrx_word' id='word_1_207' title='bbox 951 1635 1017 1671; x_wconf 84' lang='lat' dir='ltr'>pro</span> <span class='ocrx_word' id='word_1_208' title='bbox 1049 1635 1177 1658; x_wconf 87' lang='lat' dir='ltr'>norma</span> <span class='ocrx_word' id='word_1_209' title='bbox 1205 1636 1284 1658; x_wconf 79' lang='lat' dir='ltr'>esse</span> <span class='ocrx_word' id='word_1_210' title='bbox 1311 1622 1501 1659; x_wconf 82' lang='lat' dir='ltr'>debuerat.</span> <span class='ocrx_word' id='word_1_211' title='bbox 1530 1626 1592 1658; x_wconf 70' lang='lat' dir='ltr'>Ai-</span> 
     </span>
     <span class='ocr_line' id='line_1_24' title="bbox 210 1683 1594 1734; baseline 0 -17"><span class='ocrx_word' id='word_1_212' title='bbox 210 1694 282 1734; x_wconf 76' lang='lat' dir='ltr'>que</span> <span class='ocrx_word' id='word_1_213' title='bbox 310 1684 400 1719; x_wconf 85' lang='lat' dir='ltr'>haee</span> <span class='ocrx_word' id='word_1_214' title='bbox 430 1684 703 1734; x_wconf 84' lang='lat' dir='ltr'>simplicissima</span> <span class='ocrx_word' id='word_1_215' title='bbox 735 1692 845 1734; x_wconf 85' lang='lat' dir='ltr'>atque</span> <span class='ocrx_word' id='word_1_216' title='bbox 883 1686 989 1719; x_wconf 83' lang='lat' dir='ltr'>unice</span> <span class='ocrx_word' id='word_1_217' title='bbox 1017 1696 1104 1720; x_wconf 85' lang='lat' dir='ltr'>vera</span> <span class='ocrx_word' id='word_1_218' title='bbox 1130 1685 1236 1733; x_wconf 80' lang='lat' dir='ltr'>hujus</span> <span class='ocrx_word' id='word_1_219' title='bbox 1260 1684 1333 1719; x_wconf 88' lang='lat' dir='ltr'>loci</span> <span class='ocrx_word' id='word_1_220' title='bbox 1360 1683 1504 1719; x_wconf 84' lang='lat' dir='ltr'>videtur</span> <span class='ocrx_word' id='word_1_221' title='bbox 1537 1695 1594 1719; x_wconf 88' lang='lat' dir='ltr'>ex-</span> 
     </span>
     <span class='ocr_line' id='line_1_25' title="bbox 210 1744 1593 1796; baseline 0 -17"><span class='ocrx_word' id='word_1_222' title='bbox 210 1744 391 1794; x_wconf 76' lang='lat' dir='ltr'>plicatio,</span> <span class='ocrx_word' id='word_1_223' title='bbox 417 1759 525 1796; x_wconf 83' lang='lat' dir='ltr'>quam</span> <span class='ocrx_word' id='word_1_224' title='bbox 560 1747 693 1789; x_wconf 89' lang='lat' dir='ltr'>etiam,</span> <span class='ocrx_word' id='word_1_225' title='bbox 729 1756 820 1794; x_wconf 84' lang='lat' dir='ltr'>quae</span> <span class='ocrx_word' id='word_1_226' title='bbox 857 1746 1129 1793; x_wconf 72' lang='lat' dir='ltr'>perspicuitatis</span> <span class='ocrx_word' id='word_1_227' title='bbox 1160 1758 1267 1779; x_wconf 84' lang='lat' dir='ltr'>causa</span> <span class='ocrx_word' id='word_1_228' title='bbox 1309 1745 1456 1791; x_wconf 74' lang='lat' dir='ltr'>adjecta</span> <span class='ocrx_word' id='word_1_229' title='bbox 1488 1753 1593 1788; x_wconf 81' lang='lat' dir='ltr'>sunt,</span> 
     </span>
     <span class='ocr_line' id='line_1_26' title="bbox 209 1803 1595 1854; baseline 0.001 -14"><span class='ocrx_word' id='word_1_230' title='bbox 209 1812 453 1854; x_wconf 81' lang='lat' dir='ltr'>veterumque</span> <span class='ocrx_word' id='word_1_231' title='bbox 480 1817 641 1849; x_wconf 85' lang='lat' dir='ltr'>norma,</span> <span class='ocrx_word' id='word_1_232' title='bbox 669 1806 893 1841; x_wconf 83' lang='lat' dir='ltr'>confirmant.</span> <span class='ocrx_word' id='word_1_233' title='bbox 931 1805 1010 1839; x_wconf 84' lang='lat' dir='ltr'>Alii</span> <span class='ocrx_word' id='word_1_234' title='bbox 1042 1803 1215 1851; x_wconf 79' lang='lat' dir='ltr'>auspicia</span> <span class='ocrx_word' id='word_1_235' title='bbox 1241 1817 1319 1841; x_wconf 86' lang='lat' dir='ltr'>esse</span> <span class='ocrx_word' id='word_1_236' title='bbox 1344 1805 1470 1841; x_wconf 81' lang='lat' dir='ltr'>volunt</span> <span class='ocrx_word' id='word_1_237' title='bbox 1493 1806 1595 1851; x_wconf 81' lang='lat' dir='ltr'>leges</span> 
     </span>
     <span class='ocr_line' id='line_1_27' title="bbox 211 1868 1596 1920; baseline 0 -17"><span class='ocrx_word' id='word_1_238' title='bbox 211 1869 248 1903; x_wconf 85' lang='lat' dir='ltr'>h.</span> <span class='ocrx_word' id='word_1_239' title='bbox 274 1868 318 1911; x_wconf 87' lang='lat' dir='ltr'>l.,</span> <span class='ocrx_word' id='word_1_240' title='bbox 349 1870 448 1920; x_wconf 86' lang='lat' dir='ltr'>quod</span> <span class='ocrx_word' id='word_1_241' title='bbox 476 1873 531 1915; x_wconf 82' lang='lat' dir='ltr'>jus</span> <span class='ocrx_word' id='word_1_242' title='bbox 557 1870 798 1918; x_wconf 80' lang='lat' dir='ltr'>auspiciorum</span> <span class='ocrx_word' id='word_1_243' title='bbox 831 1880 946 1917; x_wconf 87' lang='lat' dir='ltr'>penes</span> <span class='ocrx_word' id='word_1_244' title='bbox 969 1880 1145 1901; x_wconf 83' lang='lat' dir='ltr'>summum</span> <span class='ocrx_word' id='word_1_245' title='bbox 1169 1869 1448 1914; x_wconf 79' lang='lat' dir='ltr'>magistratum&#39;,</span> <span class='ocrx_word' id='word_1_246' title='bbox 1473 1878 1494 1902; x_wconf 84' lang='lat' dir='ltr'>a</span> <span class='ocrx_word' id='word_1_247' title='bbox 1522 1880 1596 1919; x_wconf 86' lang='lat' dir='ltr'>quo</span> 
     </span>
     <span class='ocr_line' id='line_1_28' title="bbox 211 1927 1597 1980; baseline 0 -16"><span class='ocrx_word' id='word_1_248' title='bbox 211 1929 313 1977; x_wconf 79' lang='lat' dir='ltr'>leges</span> <span class='ocrx_word' id='word_1_249' title='bbox 337 1930 543 1973; x_wconf 86' lang='lat' dir='ltr'>ferrentur,</span> <span class='ocrx_word' id='word_1_250' title='bbox 572 1937 683 1973; x_wconf 86' lang='lat' dir='ltr'>esset,</span> <span class='ocrx_word' id='word_1_251' title='bbox 710 1941 869 1980; x_wconf 78' lang='lat' dir='ltr'>vereque</span> <span class='ocrx_word' id='word_1_252' title='bbox 895 1928 995 1976; x_wconf 81' lang='lat' dir='ltr'>leges</span> <span class='ocrx_word' id='word_1_253' title='bbox 1022 1930 1239 1964; x_wconf 77' lang='lat' dir='ltr'>sumtuarias</span> <span class='ocrx_word' id='word_1_254' title='bbox 1261 1928 1309 1964; x_wconf 80' lang='lat' dir='ltr'>ad</span> <span class='ocrx_word' id='word_1_255' title='bbox 1328 1927 1597 1964; x_wconf 80' lang='lat' dir='ltr'>aedificandum</span> 
     </span>
     <span class='ocr_line' id='line_1_29' title="bbox 213 1990 1598 2042; baseline 0.001 -18"><span class='ocrx_word' id='word_1_256' title='bbox 213 1993 464 2040; x_wconf 82' lang='lat' dir='ltr'>pertinentes,</span> <span class='ocrx_word' id='word_1_257' title='bbox 491 2005 511 2027; x_wconf 87' lang='lat' dir='ltr'>a</span> <span class='ocrx_word' id='word_1_258' title='bbox 536 1990 693 2027; x_wconf 84' lang='lat' dir='ltr'>Romulo</span> <span class='ocrx_word' id='word_1_259' title='bbox 719 2000 755 2027; x_wconf 86' lang='lat' dir='ltr'>et</span> <span class='ocrx_word' id='word_1_260' title='bbox 780 1990 920 2027; x_wconf 78' lang='lat' dir='ltr'>Catone</span> <span class='ocrx_word' id='word_1_261' title='bbox 951 1991 1064 2032; x_wconf 73' lang='lat' dir='ltr'>latas,</span> <span class='ocrx_word' id='word_1_262' title='bbox 1091 2003 1181 2042; x_wconf 81' lang='lat' dir='ltr'>quas</span> <span class='ocrx_word' id='word_1_263' title='bbox 1215 1998 1337 2026; x_wconf 76' lang='lat' dir='ltr'>tamen</span> <span class='ocrx_word' id='word_1_264' title='bbox 1371 1993 1517 2038; x_wconf 79' lang='lat' dir='ltr'>ignorat</span> <span class='ocrx_word' id='word_1_265' title='bbox 1538 2004 1598 2026; x_wconf 81' lang='lat' dir='ltr'>an-</span> 
     </span>
     <span class='ocr_line' id='line_1_30' title="bbox 213 2052 1597 2103; baseline 0.001 -16"><span class='ocrx_word' id='word_1_266' title='bbox 213 2053 388 2103; x_wconf 73' lang='lat' dir='ltr'>tiquitas,</span> <span class='ocrx_word' id='word_1_267' title='bbox 414 2067 507 2088; x_wconf 88' lang='lat' dir='ltr'>vano</span> <span class='ocrx_word' id='word_1_268' title='bbox 529 2052 718 2089; x_wconf 84' lang='lat' dir='ltr'>molimine</span> <span class='ocrx_word' id='word_1_269' title='bbox 750 2065 793 2089; x_wconf 84' lang='lat' dir='ltr'>ex</span> <span class='ocrx_word' id='word_1_270' title='bbox 824 2054 860 2090; x_wconf 80' lang='lat' dir='ltr'>h.</span> <span class='ocrx_word' id='word_1_271' title='bbox 883 2052 910 2087; x_wconf 86' lang='lat' dir='ltr'>l.</span> <span class='ocrx_word' id='word_1_272' title='bbox 940 2060 1160 2103; x_wconf 83' lang='lat' dir='ltr'>extorquere</span> <span class='ocrx_word' id='word_1_273' title='bbox 1184 2059 1374 2090; x_wconf 82' lang='lat' dir='ltr'>conantur.</span> <span class='ocrx_word' id='word_1_274' title='bbox 1402 2053 1597 2090; x_wconf 82' lang='lat' dir='ltr'>Praeclare</span> 
     </span>
     <span class='ocr_line' id='line_1_31' title="bbox 213 2112 1597 2165; baseline 0.001 -16"><span class='ocrx_word' id='word_1_275' title='bbox 213 2126 302 2149; x_wconf 90' lang='lat' dir='ltr'>vero</span> <span class='ocrx_word' id='word_1_276' title='bbox 317 2113 483 2148; x_wconf 77' lang='lat' dir='ltr'>Romulo</span> <span class='ocrx_word' id='word_1_277' title='bbox 508 2114 675 2165; x_wconf 72' lang='lat' dir='ltr'>designat</span> <span class='ocrx_word' id='word_1_278' title='bbox 696 2123 804 2164; x_wconf 84' lang='lat' dir='ltr'>poeta</span> <span class='ocrx_word' id='word_1_279' title='bbox 823 2118 1089 2161; x_wconf 79' lang='lat' dir='ltr'>paupertatem</span> <span class='ocrx_word' id='word_1_280' title='bbox 1106 2115 1210 2148; x_wconf 88' lang='lat' dir='ltr'>istam</span> <span class='ocrx_word' id='word_1_281' title='bbox 1223 2112 1439 2148; x_wconf 80' lang='lat' dir='ltr'>Romanam</span> <span class='ocrx_word' id='word_1_282' title='bbox 1452 2114 1597 2158; x_wconf 78' lang='lat' dir='ltr'>(Juven-</span> 
     </span>
     <span class='ocr_line' id='line_1_32' title="bbox 213 2174 1600 2227; baseline 0.001 -18"><span class='ocrx_word' id='word_1_283' title='bbox 213 2174 278 2209; x_wconf 77' lang='lat' dir='ltr'>IV.</span> <span class='ocrx_word' id='word_1_284' title='bbox 303 2177 407 2219; x_wconf 80' lang='grc'>246.)</span> <span class='ocrx_word' id='word_1_285' title='bbox 434 2185 541 2227; x_wconf 79' lang='lat' dir='ltr'>atque</span> <span class='ocrx_word' id='word_1_286' title='bbox 571 2176 846 2224; x_wconf 82' lang='lat' dir='ltr'>frugalitatem,</span> <span class='ocrx_word' id='word_1_287' title='bbox 872 2189 943 2227; x_wconf 80' lang='lat' dir='ltr'>qua</span> <span class='ocrx_word' id='word_1_288' title='bbox 969 2188 1066 2226; x_wconf 81' lang='lat' dir='ltr'>resp.</span> <span class='ocrx_word' id='word_1_289' title='bbox 1100 2178 1255 2212; x_wconf 84' lang='lat' dir='ltr'>maxime</span> <span class='ocrx_word' id='word_1_290' title='bbox 1281 2185 1383 2211; x_wconf 81' lang='lat' dir='ltr'>aucta</span> <span class='ocrx_word' id='word_1_291' title='bbox 1411 2184 1489 2219; x_wconf 85' lang='lat' dir='ltr'>est,</span> <span class='ocrx_word' id='word_1_292' title='bbox 1516 2189 1600 2211; x_wconf 82' lang='lat' dir='ltr'>cum</span> 
     </span>
     <span class='ocr_line' id='line_1_33' title="bbox 215 2235 1598 2284; baseline 0 -15"><span class='ocrx_word' id='word_1_293' title='bbox 215 2236 374 2271; x_wconf 84' lang='lat' dir='ltr'>nondum</span> <span class='ocrx_word' id='word_1_294' title='bbox 395 2237 551 2271; x_wconf 81' lang='lat' dir='ltr'>divitiae</span> <span class='ocrx_word' id='word_1_295' title='bbox 574 2238 778 2274; x_wconf 81' lang='lat' dir='ltr'>avaritiam</span> <span class='ocrx_word' id='word_1_296' title='bbox 800 2244 838 2273; x_wconf 82' lang='lat' dir='ltr'>et</span> <span class='ocrx_word' id='word_1_297' title='bbox 861 2238 1096 2273; x_wconf 81' lang='lat' dir='ltr'>abundantes</span> <span class='ocrx_word' id='word_1_298' title='bbox 1121 2238 1337 2284; x_wconf 79' lang='lat' dir='ltr'>voluptates</span> <span class='ocrx_word' id='word_1_299' title='bbox 1366 2235 1598 2270; x_wconf 76' lang='lat' dir='ltr'>desiderium</span> 
     </span>
     <span class='ocr_line' id='line_1_34' title="bbox 214 2297 1600 2348; baseline 0 -18"><span class='ocrx_word' id='word_1_300' title='bbox 214 2310 282 2343; x_wconf 83' lang='lat' dir='ltr'>per</span> <span class='ocrx_word' id='word_1_301' title='bbox 307 2298 447 2332; x_wconf 66' lang='lat' dir='ltr'>lua-um</span> <span class='ocrx_word' id='word_1_302' title='bbox 478 2304 590 2345; x_wconf 80' lang='lat' dir='ltr'>atque</span> <span class='ocrx_word' id='word_1_303' title='bbox 618 2299 816 2335; x_wconf 82' lang='lat' dir='ltr'>libidinem</span> <span class='ocrx_word' id='word_1_304' title='bbox 838 2301 1026 2348; x_wconf 75' lang='lat' dir='ltr'>pereundi</span> <span class='ocrx_word' id='word_1_305' title='bbox 1054 2299 1314 2345; x_wconf 76' lang='lat' dir='ltr'>perdendique</span> <span class='ocrx_word' id='word_1_306' title='bbox 1339 2297 1468 2331; x_wconf 83' lang='lat' dir='ltr'>omnia</span> <span class='ocrx_word' id='word_1_307' title='bbox 1500 2297 1600 2331; x_wconf 81' lang='lat' dir='ltr'>inve-</span> 
     </span>
     <span class='ocr_line' id='line_1_35' title="bbox 219 2360 1603 2411; baseline 0 -18"><span class='ocrx_word' id='word_1_308' title='bbox 219 2360 394 2404; x_wconf 70' lang='lat' dir='ltr'>xissent,</span> <span class='ocrx_word' id='word_1_309' title='bbox 432 2361 510 2395; x_wconf 86' lang='lat' dir='ltr'>Liv.</span> <span class='ocrx_word' id='word_1_310' title='bbox 543 2361 660 2411; x_wconf 83' lang='lat' dir='ltr'>praef.</span> <span class='ocrx_word' id='word_1_311' title='bbox 695 2372 787 2398; x_wconf 86' lang='lat' dir='ltr'>extr.</span> <span class='ocrx_word' id='word_1_312' title='bbox 823 2364 1158 2398; x_wconf 81' lang='lat' dir='ltr'>Catonem&#39;autem</span> <span class='ocrx_word' id='word_1_313' title='bbox 1195 2363 1374 2409; x_wconf 83' lang='lat' dir='ltr'>majorem</span> <span class='ocrx_word' id='word_1_314' title='bbox 1413 2361 1603 2403; x_wconf 85' lang='lat' dir='ltr'>nominat,</span> 
     </span>
     <span class='ocr_line' id='line_1_36' title="bbox 218 2418 1601 2474; baseline -0.002 -17"><span class='ocrx_word' id='word_1_315' title='bbox 218 2422 314 2474; x_wconf 80' lang='lat' dir='ltr'>quod</span> <span class='ocrx_word' id='word_1_316' title='bbox 343 2425 372 2457; x_wconf 81' lang='lat' dir='ltr'>is</span> <span class='ocrx_word' id='word_1_317' title='bbox 401 2422 584 2458; x_wconf 87' lang='lat' dir='ltr'>labentem</span> <span class='ocrx_word' id='word_1_318' title='bbox 615 2423 847 2474; x_wconf 83' lang='lat' dir='ltr'>disciplinam</span> <span class='ocrx_word' id='word_1_319' title='bbox 880 2431 1045 2459; x_wconf 86' lang='lat' dir='ltr'>veterem</span> <span class='ocrx_word' id='word_1_320' title='bbox 1069 2423 1230 2474; x_wconf 82' lang='lat' dir='ltr'>luxuque</span> <span class='ocrx_word' id='word_1_321' title='bbox 1256 2418 1485 2458; x_wconf 71' lang='lat' dir='ltr'>diffluentem</span> <span class='ocrx_word' id='word_1_322' title='bbox 1510 2422 1601 2455; x_wconf 72' lang='lat' dir='ltr'>civi-</span> 
     </span>
     <span class='ocr_line' id='line_1_37' title="bbox 220 2482 1601 2536; baseline 0 -17"><span class='ocrx_word' id='word_1_323' title='bbox 220 2493 331 2520; x_wconf 81' lang='lat' dir='ltr'>tatem</span> <span class='ocrx_word' id='word_1_324' title='bbox 354 2498 495 2520; x_wconf 86' lang='lat' dir='ltr'>morum</span> <span class='ocrx_word' id='word_1_325' title='bbox 514 2494 622 2536; x_wconf 83' lang='lat' dir='ltr'>atque</span> <span class='ocrx_word' id='word_1_326' title='bbox 640 2498 811 2521; x_wconf 78' lang='lat' dir='ltr'>censurae</span> <span class='ocrx_word' id='word_1_327' title='bbox 839 2487 1040 2535; x_wconf 79' lang='lat' dir='ltr'>asperitate</span> <span class='ocrx_word' id='word_1_328' title='bbox 1064 2486 1255 2521; x_wconf 82' lang='lat' dir='ltr'>continere</span> <span class='ocrx_word' id='word_1_329' title='bbox 1275 2482 1488 2520; x_wconf 81' lang='lat' dir='ltr'>conabatur.</span> <span class='ocrx_word' id='word_1_330' title='bbox 1510 2482 1601 2519; x_wconf 86' lang='lat' dir='ltr'>Pro-</span> 
     </span>
     <span class='ocr_line' id='line_1_38' title="bbox 222 2545 1601 2599; baseline -0.001 -17"><span class='ocrx_word' id='word_1_331' title='bbox 222 2548 298 2582; x_wconf 82' lang='lat' dir='ltr'>dita</span> <span class='ocrx_word' id='word_1_332' title='bbox 321 2549 412 2584; x_wconf 76' lang='lat' dir='ltr'>haec</span> <span class='ocrx_word' id='word_1_333' title='bbox 435 2551 511 2595; x_wconf 80' lang='lat' dir='ltr'>ejus</span> <span class='ocrx_word' id='word_1_334' title='bbox 540 2549 708 2599; x_wconf 81' lang='lat' dir='ltr'>antiquae</span> <span class='ocrx_word' id='word_1_335' title='bbox 731 2546 948 2597; x_wconf 80' lang='lat' dir='ltr'>disciplinae</span> <span class='ocrx_word' id='word_1_336' title='bbox 974 2548 1150 2583; x_wconf 81' lang='lat' dir='ltr'>severitas</span> <span class='ocrx_word' id='word_1_337' title='bbox 1174 2547 1285 2581; x_wconf 82' lang='lat' dir='ltr'>etiam</span> <span class='ocrx_word' id='word_1_338' title='bbox 1307 2548 1474 2596; x_wconf 77' lang='lat' dir='ltr'>corporis</span> <span class='ocrx_word' id='word_1_339' title='bbox 1501 2545 1601 2580; x_wconf 86' lang='lat' dir='ltr'>habi-</span> 
     </span>
     <span class='ocr_line' id='line_1_39' title="bbox 224 2608 1601 2663; baseline -0.001 -17"><span class='ocrx_word' id='word_1_340' title='bbox 224 2619 283 2653; x_wconf 82' lang='lat' dir='ltr'>tu,</span> <span class='ocrx_word' id='word_1_341' title='bbox 312 2611 498 2663; x_wconf 78' lang='lat' dir='ltr'>barbaque</span> <span class='ocrx_word' id='word_1_342' title='bbox 523 2609 699 2649; x_wconf 70' lang='grc' dir='ltr'><em>ἱηίοπ-ῐας</em></span> <span class='ocrx_word' id='word_1_343' title='bbox 723 2610 817 2645; x_wconf 89' lang='lat' dir='ltr'>unde</span> <span class='ocrx_word' id='word_1_344' title='bbox 850 2608 1041 2644; x_wconf 78' lang='lat' dir='ltr'>intonsus.</span> <span class='ocrx_word' id='word_1_345' title='bbox 1067 2610 1118 2646; x_wconf 86' lang='lat' dir='ltr'>cf.</span> <span class='ocrx_word' id='word_1_346' title='bbox 1139 2610 1168 2644; x_wconf 87' lang='grc' dir='ltr'>Ι.</span> <span class='ocrx_word' id='word_1_347' title='bbox 1199 2621 1255 2652; x_wconf 66' lang='grc' dir='ltr'>η,</span> <span class='ocrx_word' id='word_1_348' title='bbox 1279 2621 1339 2652; x_wconf 76' lang='lat'>4¹·</span> <span class='ocrx_word' id='word_1_349' title='bbox 1364 2627 1410 2638; x_wconf 83' lang='grc'><strong>-</strong></span> <span class='ocrx_word' id='word_1_350' title='bbox 1433 2613 1601 2645; x_wconf 73' lang='lat' dir='ltr'>veterum</span> 
     </span>
    </p>
   </div>
   <div class='ocr_carea' id='block_1_3' title="bbox 224 2670 1428 2727">
    <p class='ocr_par' dir='ltr' id='par_1_4' title="bbox 224 2670 1428 2727">
     <span class='ocr_line' id='line_1_40' title="bbox 224 2670 1428 2727; baseline 0 -21"><span class='ocrx_word' id='word_1_351' title='bbox 224 2683 384 2718; x_wconf 79' lang='lat' dir='ltr'>norma,</span> <span class='ocrx_word' id='word_1_352' title='bbox 412 2672 558 2710; x_wconf 83' lang='lat' dir='ltr'>vivendi</span> <span class='ocrx_word' id='word_1_353' title='bbox 587 2674 749 2719; x_wconf 87' lang='lat' dir='ltr'>ratione,</span> <span class='ocrx_word' id='word_1_354' title='bbox 772 2684 862 2727; x_wconf 78' lang='lat' dir='ltr'>quae</span> <span class='ocrx_word' id='word_1_355' title='bbox 884 2685 951 2724; x_wconf 83' lang='lat' dir='ltr'>pro</span> <span class='ocrx_word' id='word_1_356' title='bbox 975 2684 1108 2710; x_wconf 82' lang='lat' dir='ltr'>norma</span> <span class='ocrx_word' id='word_1_357' title='bbox 1137 2680 1218 2716; x_wconf 85' lang='lat' dir='ltr'>est,</span> <span class='ocrx_word' id='word_1_358' title='bbox 1237 2670 1428 2722; x_wconf 60' lang='lat' dir='ltr'>&#39;exemplo-</span> 
     </span>
    </p>
   </div>
   <div class='ocr_carea' id='block_1_4' title="bbox 1731 0 1765 402">
    <p class='ocr_par' dir='ltr' id='par_1_5' title="bbox 1731 0 1765 402">
     <span class='ocr_line' id='line_1_41' title="bbox 1731 0 1765 402; baseline 0 2683"><span class='ocrx_word' id='word_1_359' title='bbox 1731 0 1765 402; x_wconf 95' lang='lat' dir='ltr'> </span> 
     </span>
    </p>
   </div>
  </div>
 </body>
</html>
