1779 3085
700 234 775 261 -·-
863 217 945 267 699
1033 234 1088 241 -

205 327 322 375 ponit,
347 324 446 377 quod
472 337 596 361 eorum
620 327 808 377 utriusque
832 325 907 362 fata
929 334 1050 363 essent
1071 324 1272 367 simillima,
1297 324 1366 361 sibi
1400 324 1494 360 adeo
1532 333 1594 360 eo·

204 388 289 423 dem
322 395 486 436 tempore
505 400 602 423 mors
628 389 838 438 oppetenda
864 390 926 429 sit,
951 400 1059 439 quam
1091 396 1211 422 tamen
1238 399 1332 421 nunc
1354 400 1425 422 non
1449 385 1588 429 videat,

203 460 268 482 eur
300 450 536 497 pertimescat
569 447 641 482 sibi
680 449 935 499 propinquam.
987 448 1092 493 Quae
1128 459 1214 482 sane
1247 448 1515 494 argumentatio
1555 447 1592 481 in

202 507 440 551 Maecenate,
468 512 595 545 mortis
618 509 865 554 timidissimo,
892 514 993 559 cujus
1020 511 1086 554 rei,
1112 510 1183 544 nisi
1211 508 1360 544 aliunde
1390 514 1593 550 constaret,

205 571 307 619 ipsae
332 575 408 617 ejus
432 570 604 621 querelae
628 568 690 613 (ν.’
706 575 757 616 1.)
776 571 884 607 sidem
918 571 1070 614 faciunt,
1090 570 1256 620 adeoque
1283 568 1463 611 omnibus,
1500 581 1593 620 quae

203 632 274 680 ipsi
299 633 393 665 vitae
419 630 596 678 longioris
619 646 721 681 spem
746 631 998 676 ostenderent,
1011 634 1152 667 vacivas
1171 643 1276 665 aures
1289 630 1506 680 praebente,
1520 633 1594 665 vim

203 692 364 743 aliquam
391 691 526 728 habere
551 701 708 740 poterat.
740 692 902 728 Pessime
920 700 1044 729 autem
1072 691 1296 728 voluntatem
1316 692 1411 726 hanc
1431 692 1595 726 Deorum

202 763 246 788 ex
269 765 331 787 sua
360 766 491 800 cogere
516 761 664 803 poetam
689 760 849 790 statuunt
868 755 986 804 intpp.
1016 770 1062 780 ·—
1085 765 1165 795 nec,
1196 755 1339 789 etiamsi
1362 754 1423 787 Dii
1447 753 1592 795 nolint,

200 813 291 848 mihi
316 814 498 857 amioum,
523 823 697 850 statutum
720 823 788 856 est,
811 815 1128 864 tibisuperstitem
1149 828 1242 851 esse.
1265 816 1385 851 Docte
1409 815 1463 849 sic
1483 822 1591 864 parat

199 877 391 910 transitum
414 877 460 911 ad
484 890 539 911 vv.
574 888 658 925 sqq.
689 876 925 910 sententiam.
945 893 992 902 —
1017 877 1052 920 4.
1075 874 1189 909 decus
1211 889 1244 910 v.
1270 876 1299 909 1.
1323 886 1378 912 12.
1403 873 1589 908 columen

200 947 375 971 mearum
402 948 544 979 rerum,
567 937 698 988 inquo
718 949 844 972 omnes
867 950 971 973 meae
1006 949 1088 981 res,
1123 949 1167 973 ac
1202 936 1371 972 fortunae
1408 935 1593 985 repositae

199 1006 296 1042 sunt,
321 1012 392 1048 quo
413 997 506 1032 adeo
528 1007 670 1033 mortuo
699 1000 788 1033 nihil
822 997 978 1049 amplius
999 1007 1068 1043 est,
1098 1012 1160 1034 eur
1186 1001 1298 1035 vitam
1318 998 1475 1033 ulterius
1487 1009 1596 1046 expe·

201 1058 348 1093 tendam
371 1059 595 1093 existimem.
621 1058 774 1094 Causam
798 1059 908 1101 adeo,
935 1067 1080 1109 praeter
1107 1062 1295 1096 tenerrimi
1321 1061 1457 1094 amoris
1491 1059 1595 1094 testi-

200 1120 425 1160 ficationem,
444 1120 625 1159 continet,
656 1131 717 1154 cur
741 1122 810 1170 ipsi
836 1133 959 1157 secum
984 1122 1077 1156 mori
1102 1124 1340 1156 constitutum
1366 1122 1427 1155 sit.

295 1190 325 1215 ι’,
349 1193 383 1226 5.
409 1180 564 1228 Insurgit
585 1189 692 1231 atque
725 1182 933 1217 emollescit
966 1184 1110 1232 penitus
1143 1190 1275 1231 poetae
1309 1180 1480 1218 adfectus
1499 1195 1596 1218 rnor-

198 1244 260 1284 tis,
281 1255 373 1294 quae
393 1254 414 1276 a
440 1241 655 1277 Maecenate
681 1256 762 1277 eum
786 1243 1015 1289 disjunctum
1044 1245 1105 1285 sit,
1132 1246 1371 1290 cogitatione.
1395 1241 1435 1277 Si
1464 1245 1521 1277 vis
1545 1244 1597 1280 le-

197 1307 224 1341 ti
243 1307 296 1349 (ut
323 1304 370 1338 11.
400 1315 453 1346 ¹3-
479 1307 556 1344 20.)
587 1303 794 1336 nenessitas
815 1304 883 1338 leti
912 1304 960 1351 (Ι.
982 1308 1015 1342 3.
1037 1306 1117 1349 33.)
1147 1316 1254 1339 mors
1285 1305 1478 1340 indomita
1516 1305 1590 1352 (11.

199 1375 258 1405 14.
284 1368 338 1411 4.)
357 1365 551 1399 maturior
573 1367 686 1413 rupit,
712 1365 822 1402 docte
844 1380 910 1416 pro
928 1393 937 1408 ,
963 1381 1059 1403 mors
1087 1375 1122 1402 te
1149 1369 1340 1410 maturius,
1363 1369 1594 1419 citiusquam

200 1443 260 1464 me
285 1430 394 1477 rapit,
421 1429 452 1462 si
478 1429 654 1462 maturius
675 1427 829 1471 obieris,
845 1439 957 1479 quam
986 1441 1067 1472 ego.
1095 1428 1198 1465 Male
1218 1429 1281 1464 ulii
1309 1429 1383 1463 vim
1417 1431 1596 1471 maturio,

198 1502 276 1526 rem
304 1489 350 1524 de
372 1496 488 1524 morte
512 1492 705 1524 immatura
725 1489 887 1538 capiunt.
909 1487 1079 1533 Partem,
1100 1489 1295 1526 dimidium
1306 1488 1458 1524 animae
1470 1501 1598 1535 meae,

198 1553 252 1586 uti
273 1552 469 1599 Virgilium
493 1565 594 1586 suum
617 1551 794 1585 Horatius
818 1558 923 1584 vocat
938 1548 969 1587 Ῑ.
988 1559 1024 1592 3.
1045 1554 1077 1588 8.
1098 1550 1188 1584 -6,
1216 1549 1321 1596 Quid
1345 1563 1427 1598 ego,
1451 1551 1590 1594 altera,

197 1617 301 1661 cujus
328 1612 484 1649 dimidia
508 1621 646 1648 tantum
667 1614 810 1647 animae
835 1624 921 1661 pars
943 1604 1070 1653 restat,
1095 1613 1276 1647 amissate
1297 1610 1593 1653 altera,defnnc-

195 1683 232 1711 to
260 1683 310 1716 te,
337 1686 480 1720 moror,
499 1674 659 1723 amplius
685 1675 780 1715 vivo,
810 1675 872 1724 qui
897 1686 965 1718 ego
990 1674 1069 1708 sine
1098 1681 1132 1707 te
1158 1673 1314 1721 amplius
1349 1675 1476 1709 vivere
1509 1687 1592 1723 pos·

194 1737 292 1772 sim?
316 1748 353 1781 7,
376 1757 417 1763 -
439 1736 632 1785 Siquidem
655 1745 730 1766 non
749 1744 866 1776 aeque
886 1743 930 1764 ac
949 1739 1072 1771 antea,
1099 1743 1183 1765 cum
1210 1738 1261 1773 tu,
1298 1742 1382 1780 pars
1404 1735 1477 1768 mei
1512 1747 1591 1769 me·

196 1796 287 1839 lior,
311 1808 536 1844 superesses,
558 1803 670 1826 carus
695 1792 785 1826 mihi
811 1790 950 1825 futurus
972 1793 1054 1832 sim.
1090 1794 1201 1829 vitam
1236 1808 1309 1829 non
1343 1793 1500 1843 amplius
1536 1798 1591 1840 ju·

195 1856 354 1893 cundam
379 1857 523 1890 ducam.
550 1855 613 1889 Sic
640 1853 778 1888 Sta-tius
796 1857 950 1898 partem
975 1854 1128 1887 animae
1156 1866 1246 1888 suae
1272 1856 1475 1906 meliorem
1507 1856 1589 1893 Me-

197 1920 289 1954 tium
316 1924 418 1953 vocat
445 1916 537 1950 Silv.
564 1915 631 1951 ΠΙ.
657 1925 689 1948 2.
715 1925 748 1956 7.
771 1913 951 1949 Blandius
971 1923 1106 1958 autem,
1129 1924 1188 1951 aut
1213 1919 1454 1969 exqiinitiore
1480 1919 1591 1955 ratio.

195 1994 241 2016 ne
266 1982 329 2016 vix
353 1976 475 2015 efferri
502 1977 635 2026 potuit,
657 1977 783 2026 quanti
806 1975 1037 2011 Maecenatis
1064 1978 1263 2012 amicitiam
1298 1977 1439 2014 faceret
1467 1987 1591 2028 poeta.

197 2061 240 2068 -
264 2051 341 2075 non
361 2046 549 2087 superstes
571 2038 736 2083 integer,
767 2039 902 2074 amissa
927 2038 1042 2074 altera
1063 2039 1207 2074 animae
1229 2047 1348 2088 parte.
1382 2040 1588 2075 Fatendum

194 2115 294 2143 sane.
318 2110 400 2151 post
424 2099 683 2135 antecedentia
706 2098 797 2134 haec
825 2098 957 2133 ultima
988 2101 1136 2134 enervia
1163 2099 1303 2145 videri,
1340 2110 1376 2137 et
1407 2114 1586 2145 acumen,

196 2163 296 2217 quod
314 2164 454 2205 subest,
476 2161 669 2196 admodum
690 2159 878 2208 languere.
900 2158 975 2196 sed
997 2168 1033 2197 et
1064 2164 1185 2209 graeci
1209 2170 1343 2212 poetae
1369 2164 1406 2198 in
1433 2164 1502 2199 hac
1532 2171 1586 2199 te-

197 2225 381 2263 stificandi
404 2226 538 2259 amoris
562 2222 718 2259 formula
745 2221 952 2258 exornanda
975 2231 1086 2275 atque
1113 2223 1163 2259 ad
1188 2226 1307 2272 prima
1335 2238 1399 2260 sua
1428 2226 1586 2261 stamina

194 2287 400 2324 revocanda
423 2288 514 2328 mire
539 2284 609 2320 sibi
637 2283 850 2335 placuerunt
874 2285 1121 2337 frigidumque
1154 2287 1352 2338 quemdam
1377 2287 1495 2323 lusum
1529 2300 1586 2323 ca-

193 2357 356 2399 ptarunt.
383 2348 477 2382 Vide
504 2347 727 2382 Callimachi
754 2345 836 2382 loca
859 2347 906 2382 ad
926 2348 960 2383 Ἰ.
981 2358 1014 2390 3.
1039 2354 1072 2386 8.
1092 2347 1274 2392 adducta3
1300 2349 1396 2386 adde
1421 2350 1585 2385 Th'eocr.

192 2410 331 2445 XXIX.
357 2419 391 2450 4.
408 2408 471 2452 οὐχ
490 2403 571 2442 ἕλοις
595 2403 732 2452 φιλέειν
756 2406 792 2451 μ’
814 2406 983 2449 miano&
1009 2407 1074 2442 cix«)
1099 2409 1252 2457 καρδίας·
1277 2409 1438 2452 γινώσκω.
1461 2406 1500 2443 ‘rei
1521 2409 1586 2452 ,γάρ

192 2469 309 2519 ἥμισυ
333 2472 395 2506 τοὶς
416 2470 503 2517 §ofin
525 2469 609 2515 ἔχω,
631 2468 677 2514 ξᾷ
699 2470 762 2505 τοέν
788 2469 850 2504 σοῖν
874 2469 981 2513 ἰδίαν,
1001 2469 1042 2507 ‘ro‘
1065 2470 1104 2505 δὲ
1129 2473 1259 2510 >torach
1283 2470 1452 2507 ἀπώλετο.

292 2542 385 2582 258.
425 2533 494 2569 Ille
526 2534 627 2575 dies,
663 2547 734 2583 quo
770 2542 807 2569 tu
840 2534 1034 2574 morieris,
1058 2537 1275 2581 utramque,
1303 2537 1494 2587 utriusque
1516 2551 1584 2573 no·

193 2605 306 2633 strum
331 2596 485 2629 ruinam
508 2606 631 2630 casum
655 2594 790 2638 ducet,
816 2603 969 2647 uterque
988 2594 1121 2633 eodem
1152 2596 1212 2631 die
1234 2608 1402 2637 memus,
1436 2610 1581 2632 oecum-

196 2657 323 2694 bemus
338 2683 349 2699 ,
368 2657 581 2693 moriemur.
601 2654 752 2707 Proprie
779 2663 882 2692 erat:
905 2663 944 2694 tu
972 2655 1195 2694 occumbens
1213 2655 1324 2694 duces
1354 2659 1511 2700 ruinam,
1522 2671 1580 2695 mo
