1779 3085
753 248 808 258 --
884 237 966 277 508
1054 250 1109 260 -ο-

218 348 481 393 communi
505 348 564 392 de
591 349 838 394 Fortuna
877 350 964 392 vel
1001 350 1216 393 omnino
1252 365 1350 408 pro
1390 352 1593 413 digres-

215 417 366 457 sione
397 431 428 458 a
466 428 523 457 re
548 414 833 459 admodum
867 415 1057 460 aliena
1082 416 1382 461 habendum
1415 421 1597 462 existi-

216 486 386 523 mant.
454 481 625 539 Atque
674 481 815 524 lzanc
853 482 1060 541 quidem
1089 483 1347 526 carminis
1382 491 1592 541 partem

214 544 492 602 splendide
554 545 833 590 admodum
893 552 1052 603 poeta
1107 554 1434 606 exsequutus
1488 556 1597 603 est,

213 611 492 653 Fortunae
519 612 620 654 vim
650 616 809 669 atque
832 613 1129 668 potentiam
1160 629 1277 658 cum
1306 615 1372 657 ab
1400 613 1601 679 effecta

214 682 322 724 (vv.
355 691 375 718 2
412 699 476 707 --
508 679 603 725 ιδ.)
630 680 740 720 tum
771 677 930 729 aliis,
967 693 1101 737 quae
1130 681 1341 723 animos
1366 681 1601 726 maxime

211 747 584 798 percuterent,
614 743 947 801 imaginibus
976 743 1298 787 delineando
1322 776 1334 798 ,
1373 761 1602 804 quarum

215 823 321 849 non
358 814 467 850 tam
501 807 767 850 cumulum
796 813 956 866 atque
999 810 1365 867 complexum,
1419 826 1451 854 a
1488 826 1604 855 car-

212 873 373 914 minis
426 872 604 929 (Trici
661 872 842 914 indole
904 874 1119 918 minime
1194 876 1603 929 abhorrentem,

217 952 365 993 quem
408 943 459 979 et
486 937 695 994 Hymni
723 938 940 993 antiqui
963 944 1168 982 natura
1209 956 1317 984 non
1361 947 1469 985 tam
1512 957 1603 984 ex-

211 1017 401 1046 cusare
437 1019 593 1061 quam
618 1002 801 1058 potius
837 1003 1111 1059 requirere
1144 1004 1457 1059 videbatur,
1503 1013 1600 1049 aut

212 1069 455 1121 modum,
493 1084 608 1112 cum
649 1068 734 1110 rei
759 1068 866 1123 ipsi
891 1069 1274 1125 exprimendae
1311 1077 1421 1114 tum
1459 1087 1604 1128 aspe-

211 1134 290 1176 ris
330 1134 693 1179 Romanorum
731 1131 971 1192 ingeniis
1035 1135 1195 1178 valde
1237 1135 1604 1181 adcommoda-

213 1205 326 1242 tum
346 1229 358 1250 ‚
392 1206 582 1256 poetae
614 1203 756 1243 recte
785 1201 920 1242 vitio
965 1201 1108 1244 verti
1131 1215 1284 1256 posse
1321 1201 1568 1245 duxerim
1588 1232 1604 1256 ‚

210 1278 367 1320 quam
404 1267 614 1320 potius,
654 1264 795 1322 quod
822 1266 878 1307 in
921 1265 1312 1309 adumbrandis
1357 1267 1427 1310 iis
1465 1268 1603 1311 colo-

212 1343 297 1371 res
335 1330 616 1374 admodum
658 1326 1003 1386 confuderit,
1038 1332 1355 1390 penitusque
1389 1338 1603 1375 contur-

210 1395 388 1447 barit,
426 1396 556 1440 adeo
595 1394 829 1454 quidem,
872 1400 960 1447 ut,
998 1411 1155 1454 quam
1208 1397 1312 1440 vim
1348 1398 1601 1441 Fortuna

209 1457 282 1502 ad
315 1461 523 1504 animos
553 1462 840 1512 humanos,
877 1474 994 1504 cum
1035 1461 1183 1520 ejus,
1221 1461 1384 1521 cujus
1423 1467 1603 1507 status

211 1524 269 1566 in
295 1524 530 1568 deterius
556 1531 801 1569 mutatus
830 1533 935 1577 est,
966 1531 1077 1570 tum
1108 1543 1287 1571 eorum
1308 1558 1320 1578 ‚
1341 1529 1446 1585 qui,
1478 1528 1601 1572 dum

195 1587 471 1647 „florerem
509 1592 666 1634 amici
698 1588 819 1646 ejus
857 1596 1061 1643 essent,
1099 1607 1324 1649 quorum
1361 1593 1491 1636 adeo
1520 1585 1602 1652 fi-

211 1653 304 1696 clos
333 1655 500 1702 alios,
536 1655 679 1699 alios
708 1646 955 1712 perfidos
987 1671 1129 1700 nunc
1169 1658 1481 1712 experitur,
1511 1658 1602 1700 tza-

209 1719 388 1769 beret,
429 1722 616 1773 verbo,
653 1720 860 1772 omnia,
898 1735 1033 1778 quae
1068 1722 1138 1765 ad
1174 1737 1316 1773 eum,
1353 1723 1444 1779 qui
1470 1721 1603 1764 For-

208 1790 342 1826 tuna
368 1785 517 1828 mala
547 1790 819 1834 uteretur,
867 1781 1079 1841 referri
1124 1787 1458 1838 debuissent,
1495 1787 1602 1843 ipsi

204 1851 355 1892 Deae
390 1850 748 1901 attribueret,
795 1851 1033 1906 quodque
1074 1853 1131 1893 in
1169 1852 1270 1894 hac
1305 1852 1602 1895 diversissi-

207 1930 414 1959 marum
451 1917 750 1975 imaginum
796 1912 1124 1973 confusione
1157 1922 1264 1965 (ov.
1308 1931 1361 1959 21
1398 1939 1460 1949 --
1500 1917 1599 1966 28.)

208 1986 522 2023 constanter
547 1984 931 2038 perseverarit,
969 1986 1128 2040 atque
1153 1982 1225 2025 ad
1252 1983 1488 2027 taedium
1522 1997 1603 2026 us-

208 2061 305 2103 que
344 2048 661 2090 immoratus
710 2049 794 2090 sit.
874 2047 1103 2091 Initium
1153 2049 1414 2092 carminis
1458 2049 1599 2092 satis
1648 2093 1656 2104 Ι

207 2111 443 2168 amplum
473 2112 742 2161 Virorum,
781 2115 871 2171 qui
895 2114 1170 2171 ingeniosi
1200 2120 1359 2171 atque
1388 2115 1598 2170 elegan-

207 2181 285 2219 tes
316 2177 508 2221 haberi
551 2178 781 2230 vellent,
830 2177 1165 2236 conjecturis
1206 2194 1449 2235 campum
1484 2194 1603 2236 ape-

207 2242 336 2285 ruit.
405 2245 547 2286 Dum
587 2245 722 2286 enim
762 2245 1025 2288 Horatius
1050 2244 1350 2289 Fortunam
1380 2261 1412 2289 a
1451 2245 1598 2296 loco,

206 2306 298 2349 ubi
329 2310 617 2365 praecipue
669 2309 972 2361 coleretur,
1017 2311 1234 2354 solenni
1269 2325 1413 2354 more
1468 2309 1598 2352 clesi-

203 2380 376 2431 gnat‚
423 2375 773 2433 Antiumque,
810 2382 1067 2434 tanquam
1117 2378 1421 2429 Romanus,
1470 2381 1595 2430 apte

206 2437 375 2482 sedem
405 2437 525 2498 ejus
548 2440 894 2485 domesticam
929 2440 1140 2494 laudat,
1176 2447 1443 2500 putarunt
1471 2455 1614 2482 non--

206 2503 355 2549 nulli
382 2507 562 2549 omnia
583 2537 594 2552 .,
631 2521 763 2564 quae
795 2508 1073 2550 Fortunae
1107 2509 1495 2551 tribuerentur,
1524 2504 1596 2548 ad

207 2572 471 2614 antiatem
506 2586 612 2615 esse
644 2568 967 2629 referenda,
998 2574 1257 2617 Romanis
1280 2571 1592 2629 propitiam,

207 2638 401 2680 ceteris
439 2651 563 2681 vero
605 2638 858 2698 gentibus
915 2634 1174 2697 infestam
1212 2646 1372 2696 atque
1412 2637 1594 2677 timen-

205 2699 327 2745 dam
343 2719 359 2756 ,-
387 2709 444 2746 ut
474 2704 732 2748 haberent
763 2703 969 2747 scilicet
1001 2718 1235 2759 carmen,
1270 2704 1351 2745 uti
1377 2703 1590 2752 vocant,
