1790 3117
665 241 1010 294 ..59-

141 362 438 407 bibliotheca
480 357 767 405 Academica
813 355 1035 416 Gotting.
1066 354 1320 406 adservat,
1372 359 1536 418 copias

140 427 435 491 perlustravi
468 424 829 486 diligenterque
859 420 1066 475 excussi,
1085 420 1171 464 sed
1187 421 1335 464 etiam
1365 423 1537 480 libros,

141 495 200 538 de
229 494 301 536 rei
332 490 563 536 librariae
592 488 884 552 primordiis
914 493 1212 550 exponentes
1231 519 1244 541 ‚
1285 501 1338 528 ac
1365 489 1538 534 biblio<

142 553 398 604 thecatum
436 556 770 619 insigniorum
802 555 1063 616 catalogos,
1099 552 1334 613 aliosque,
1370 554 1419 598 in
1438 557 1538 615 qui-

140 626 231 670 bus
262 624 374 668 edd.
395 622 583 667 Horatii
617 623 849 668 notitiam
874 621 1090 683 aliquam
1129 635 1393 664 occurrere
1438 637 1538 665 me-

140 691 385 737 mineram
406 723 418 745 ,
454 689 645 752 inspexi
665 721 678 744 9
715 706 768 733 ac
788 721 800 743 ‚
838 703 1031 733 summa
1048 685 1273 748 quamvis
1301 701 1414 730 cum
1445 694 1538 731 tae-

141 757 207 801 dii
242 756 469 802 molestia
502 756 792 817 pei-volvere
823 754 956 799 haud
977 760 1207 816 gravatus
1227 766 1354 802 sum.
1385 754 1539 813 Atque

139 824 206 868 ita
240 822 442 867 demum
476 823 534 866 de
574 821 821 867 nonnullis
859 820 1069 865 certiora
1111 819 1540 880 exploratioraque

140 887 339 933 adferre
368 888 533 944 iicuit,
572 888 848 950 simulque,
883 887 1151 933 Historiam
1193 892 1350 930 textus
1392 885 1542 929 Hora-

140 955 261 999 tiani
294 971 318 999 a
348 955 456 1001 Jani
489 955 602 999 satis
634 954 960 1016 probabiliter
998 960 1045 997 et
1072 952 1305 996 adcurate
1347 951 1540 996 concin-

138 1029 308 1066 natam
337 1021 485 1066 inisse
509 1021 744 1066 intellexi.
795 1022 928 1065 Hanc
960 1020 1111 1082 igitur
1140 1026 1375 1079 tanquam
1408 1018 1541 1062 tabu·

142 1088 242 1131 lam
261 1120 273 1131 .
309 1088 359 1132 in
391 1104 540 1149 quam
570 1087 880 1132 referrentur
910 1087 1099 1149 reliqua
1118 1118 1130 1137 ,
1157 1102 1192 1128 a
1239 1101 1318 1128 me
1364 1084 1538 1128 leviter

141 1169 303 1197 rasam
336 1162 481 1214 atque
519 1154 767 1198 detersam
797 1152 1219 1213 praemittendam
1247 1150 1361 1195 duxi
1384 1182 1395 1203 ‚
1424 1148 1536 1194 satis

141 1220 325 1263 habens
347 1253 357 1267 ,
396 1220 455 1261 de
487 1219 721 1280 singulis,
759 1219 844 1263 uhi
877 1235 998 1279 opus
1032 1234 1135 1262 esse
1162 1222 1409 1277 putarem,
1446 1232 1534 1259 suo

140 1286 249 1329 loco
280 1300 502 1328 monere.

569 1422 1102 1440 mmmm-mmmmm

270 1524 341 1570 Ex
371 1525 483 1571 edd.
542 1543 637 1571 sec.
663 1526 771 1570 XV.
799 1541 984 1588 paucae
1031 1524 1302 1568 admodum
1321 1557 1332 1576 ‚
1376 1540 1537 1585 neque

145 1591 258 1644 satis
305 1590 537 1637 adcurate
578 1610 605 1637 a
632 1592 759 1636 Viris
790 1592 944 1637 doctis
988 1591 1268 1652 exploratae
1300 1597 1441 1644 sunt,
1487 1598 1540 1632 ut

143 1657 297 1714 adeo,
349 1674 595 1720 quaenam
635 1675 693 1704 ex
735 1657 793 1703 iis
838 1657 1087 1720 principes
1133 1657 1385 1718 habendae
1416 1656 1540 1710 sint,

144 1739 367 1787 quaeque
404 1741 461 1769 ex
493 1725 599 1773 aliis
630 1724 906 1786 descriptae
936 1724 1047 1778 sint,
1085 1730 1219 1768 certo
1248 1720 1442 1768 definiri
1461 1720 1540 1764 vix

141 1790 314 1851 possit.
351 1790 543 1836 Priores
576 1790 782 1853 quidem
811 1789 1208 1835 Mediolanenses
1243 1790 1303 1832 ab
1323 1804 1419 1832 una
1437 1786 1541 1830 stir-

142 1872 205 1916 pe
241 1864 372 1901 satae
390 1857 620 1902 videntur
636 1873 791 1919 usque
810 1858 872 1903 ad
886 1855 1315 1901 Mediolanensem
1334 1871 1376 1897 a.
1400 1852 1539 1899 1508.

145 1938 270 1983 quae
301 1922 509 1984 quidem
537 1923 600 1968 ad
626 1923 837 1967 Venetas
857 1921 1057 1966 alterius
1075 1920 1372 1964 recensionis
1392 1927 1544 1962 trans-

145 1986 291 2049 fugit.
361 1989 487 2033 Nam
513 1996 562 2034 et
589 1988 724 2048 ipsae
743 1989 957 2032 Venetae
990 2001 1087 2030 non
1119 2001 1271 2030 unam
1297 1984 1544 2028 eamdem·

148 2068 243 2113 que
293 2059 451 2097 textus
496 2052 883 2114 descriptionem
924 2052 1124 2096 habent.
1194 2051 1387 2095 Primae
1431 2049 1543 2093 illae

149 2125 293 2178 1477.
328 2120 465 2178 1478.
503 2126 639 2179 1479.
678 2125 782 2164 tum
815 2118 1103 2173 Zeu-ottiana
1138 2125 1254 2176 149²
1277 2150 1288 2167 ,
1320 2123 1365 2160 et
1402 2117 1540 2173 1498.

149 2201 176 2228 e
217 2183 576 2231 Mediolanensi
621 2185 844 2246 exemplo
890 2186 1053 2247 aliquo
1099 2182 1335 2228 anteriori
1367 2182 1541 2225 ductae

152 2257 280 2305 sunt⁹
310 2249 520 2297 lectione
547 2251 754 2296 subinde
782 2251 844 2297 ad
859 2258 1081 2296 veterem
1112 2250 1326 2312 aliquem
1355 2247 1542 2292 librum

148 2316 349 2373 reficta3
385 2333 501 2361 nam
542 2316 647 2362 illas
691 2315 795 2361 sere
837 2334 949 2361 cum
979 2316 1187 2360 Mvdiol.
1231 2323 1381 2374 1477,
1419 2330 1543 2374 quae

151 2381 213 2426 ad
240 2396 414 2428 manus
446 2383 538 2428 suit
569 2383 852 2445 conspirare
884 2383 1014 2428 vidi2
1053 2389 1159 2427 tum
1196 2396 1375 2426 navam
1404 2378 1544 2422 fami-

148 2447 270 2501 liam
300 2448 514 2505 ducunt,
550 2466 673 2511 quae
705 2449 865 2494 editae
898 2455 1011 2494 sunt
1042 2455 1154 2493 cum
1170 2446 1382 2492 Landini
1417 2461 1544 2488 com-

149 2515 427 2568 mentario,
466 2516 549 2576 qui
578 2516 800 2577 primum
830 2516 1018 2577 prodiit
1044 2515 1175 2559 Flor.
1213 2515 1349 2564 1482.
1399 2511 1540 2555 Unde

150 2579 368 2641 pendent
394 2580 606 2626 Venetae
642 2583 781 2634 1485.
817 2584 956 2634 1484.
993 2582 1130 2633 1486.
1159 2601 1161 2603 ’
1193 2581 1381 2623 Harum
1412 2576 1542 2621 lecti»

152 2661 301 2690 onem
330 2645 663 2691 immutarunt
689 2647 875 2709 passim
906 2648 1017 2695 edd.
1063 2650 1278 2692 Venetae
1325 2660 1367 2689 ἃ.
1404 2651 1543 2699 1490,

152 2727 276 2772 quae
305 2728 330 2755 a
360 2712 433 2759 Jo.
464 2714 544 2757 Fr.
575 2714 855 2759 Philomuso
885 2723 1052 2760 curata
1073 2722 1160 2765 est,
1189 2721 1234 2757 et
1256 2718 1393 2767 1492.
1413 2709 1545 2770 apud.

152 2777 407 2835 Pindum,
458 2797 574 2841 quas
618 2779 722 2826 sere
765 2788 954 2826 secutas
997 2779 1296 2842 deprehendi
1333 2778 1540 2820 Veneta-2.
