1779 3085
671 235 726 245 —-
815 218 899 264 514
987 233 1044 241 ..n-

179 346 283 384 purn.
311 333 341 366 I.
368 333 424 372 84.
449 331 654 365 concutere
678 331 828 362 statum
855 325 987 363 Senec.
1016 325 1109 362 Oed.
1136 331 1214 371 833.
1250 324 1391 363 Eodem
1413 326 1565 373 loquen-

180 395 215 428 di
245 405 377 437 genere
404 393 459 428 vel
486 393 645 442 prosaici
671 393 871 440 scriptores
896 391 948 426 usi
973 397 1064 425 sunt.
1101 388 1156 422 lta
1179 389 1277 424 enim
1303 388 1456 430 dicitur,
1478 398 1566 422 con-

180 459 308 488 cutere
326 451 601 499 rempublicam
622 451 720 495 (Cic.
744 451 839 486 Phil.
857 451 906 485 11.
934 451 1007 496 ιι.)
1033 449 1124 499 reip.
1149 454 1298 485 statum
1322 448 1568 498 labefactare,

182 516 257 558 (Id.
288 515 396 550 Catil.
433 516 465 548 1.
502 516 602 557 init.)
637 513 843 547 convellere
869 513 969 556 (Val-
1000 515 1101 548 Max.
1138 513 1204 547 lv.
1235 513 1286 556 1.)
1311 511 1569 555 compositam

183 576 378 611 civitatem
403 573 631 618 labefactare
664 575 782 618 (Flor.
809 575 871 609 IV.
898 577 974 617 23.)
999 574 1135 610 Contra
1163 574 1316 620 imperii
1351 572 1492 608 molem
1515 577 1573 605 al·

182 638 315 672 tollere
347 637 479 672 dicitur
506 637 666 672 Fortuna
692 637 839 672 Petron.
863 635 908 672 de
931 635 1066 672 Mutat.
1093 638 1184 686 reip.
1206 636 1252 671 R.
1287 649 1321 670 v.
1349 643 1405 679 83.
1442 634 1574 672 Facile

182 699 276 734 adeo
299 698 471 734 Horatius
500 710 544 733 eo
567 697 743 734 devenire
768 700 908 747 potuit,
937 706 972 733 ut
996 706 1229 748 praesentem
1267 698 1413 747 imperii
1437 704 1572 732 statum

181 773 247 810 per
274 760 482 796 columnam
516 767 675 796 erectam
708 759 927 796 declararet.
978 760 1061 796 Dici
1089 772 1174 796 vero
1210 760 1268 794 vix
1289 763 1434 809 potest,
1462 772 1571 808 quan-

181 830 257 856 tum
281 821 402 872 Intpp.
429 820 473 855 in'
493 821 730 871 expedienda
754 824 862 871 hujus
887 836 919 858 v.
945 824 1125 858 sententia
1142 821 1315 856 alucinati
1350 820 1423 854 sint
1439 845 1450 860 ,
1488 819 1571 855 aliis

185 881 392 917 columnam
425 879 473 916 ad
500 882 599 931 ipsos
622 890 795 929 tyrannos
826 882 884 916 vel
904 885 980 928 ejus
1013 889 1148 916 statuas
1183 879 1451 924 referentibus,
1478 894 1570 931 quae

183 955 215 979 a
234 941 365 978 rebelli
390 942 531 992 populo
558 941 792 989 frangantur3
819 941 904 976 aliis
926 942 1130 993 Augustum
1148 966 1160 981 ,
1196 941 1383 978 subtracto
1421 945 1571 989 Quinct.

183 1003 310 1046 Varo,
338 1005 438 1054 quasi
462 1001 681 1039 titubantem
707 1000 1014 1050 intelligentibus.
1044 998 1121 1042 Sed,
1145 1002 1250 1036 nimis
1284 1002 1432 1050 longum
1458 1013 1571 1049 esset,

186 1077 312 1101 ornnes
339 1068 455 1114 intpp.
480 1066 637 1114 ineptias
657 1063 816 1100 adferre.
845 1063 1019 1100 Ceterum
1043 1069 1120 1098 tota
1145 1063 1237 1098 haec
1264 1063 1383 1110 imago
1408 1065 1456 1099 ad
1467 1077 1574 1114 supe-

186 1128 302 1162 riores
326 1140 382 1160 vv.
405 1137 438 1172 9.
468 1138 523 1162 10.
550 1127 645 1162 trahi
671 1130 808 1176 possit,
835 1134 872 1161 ut
900 1139 956 1160 vv.
988 1136 1039 1161 ιι.
1067 1133 1121 1159 12.
1150 1124 1396 1174 respondeant
1418 1127 1480 1177 qui
1516 1139 1576 1162 se·

183 1195 362 1238 quantur,
390 1200 448 1223 vv.
478 1189 520 1232 14
547 1206 591 1212 -
618 1189 673 1223 16.
703 1187 775 1222 hoc
798 1187 1062 1222 sententiarum
1086 1183 1240 1221 ordine:
1269 1186 1376 1232 Daci,
1392 1187 1571 1237 Scythae,

184 1248 341 1283 Romani
368 1256 556 1301 metuunt,
594 1262 638 1284 ne
659 1247 897 1284 >ineolumem
927 1249 1032 1295 regni
1080 1248 1137 1282 sui
1172 1255 1308 1283 statum
1334 1249 1573 1299 pessumdes·‚

184 1310 332 1360 tyranni
356 1317 474 1346 autem
497 1337 507 1354 ‚
528 1324 574 1345 ne
603 1309 786 1345 seditione
808 1312 942 1346 citrium
967 1310 1125 1359 imperio
1159 1317 1357 1346 exuantur:
1393 1324 1487 1363 quae
1523 1319 1575 1347 ta-

184 1384 267 1406 men
295 1372 386 1406 ratio
412 1383 538 1420 parum
560 1372 738 1406 concinna
761 1371 918 1409 videtur.
981 1371 1141 1407 Solenne
1179 1384 1265 1407 vero
1301 1371 1456 1410 Horatio
1491 1381 1574 1418 est,

184 1446 295 1468 unam
333 1432 560 1483 eandemque
584 1433 813 1468 ‘sententiam
851 1432 992 1468 duobus
1025 1432 1202 1468 membris
1238 1430 1393 1476 efferre,
1419 1448 1575 1486 quorum

185 1496 372 1542 posterius
401 1494 534 1542 prioris
560 1506 708 1528 sensum
733 1494 890 1542 aperiat,
917 1507 1135 1544 omnemque
1152 1492 1428 1542 ambiguitatem
1454 1494 1574 1531 tollat-

186 1555 238 1590 οἳ.
257 1554 304 1589 ad
332 1554 362 1590 1.
389 1554 445 1588 26-
477 1566 512 1594 4.
540 1554 660 1598 Quum
686 1556 796 1601 igitur
821 1557 1012 1604 imperium
1037 1555 1223 1592 Fortunae
1247 1558 1281 1591 vi
1305 1558 1452 1606 penitus
1474 1571 1576 1593 ever-

183 1629 263 1652 sum
288 1614 481 1665 splendida
501 1613 697 1651 admodum
719 1616 877 1661 imagine
903 1625 1211 1664 repraesentasset
1227 1643 1236 1658 ‚
1263 1617 1381 1659 hanc,
1405 1632 1476 1668 qno
1499 1629 1575 1652 ma·

184 1681 238 1726 gis
266 1678 496 1727 perspicuam
533 1675 727 1718 redderet,
761 1677 807 1711 ad
843 1676 1061 1713 seditionem
1085 1678 1242 1720 civium,
1282 1692 1376 1729 quae
1399 1680 1574 1728 primaria

184 1748 294 1790 atque
319 1741 425 1773 unica
450 1736 527 1771 fere
550 1739 669 1772 eversi
693 1745 805 1773 status
829 1737 969 1787 publici
1008 1749 1116 1773 causa
1143 1751 1224 1774 esse
1246 1739 1366 1781 solet,
1401 1747 1573 1781 revocat,

185 1813 353 1850 novoque
383 1797 549 1834 membro
572 1799 738 1848 exponit.
789 1798 958 1844 Vulgaris
981 1800 1078 1833 enim
1103 1799 1366 1833 sententiarum
1383 1807 1574 1836 contextus

187 1871 284 1898 erat:
315 1876 358 1896 ne
379 1872 553 1910 proruaS,
579 1875 624 1895 ne
652 1859 822 1894 concidat
847 1859 1039 1901 columna;
1075 1858 1211 1909 populo
1235 1858 1282 1894 ad
1316 1859 1575 1896 rebellandum

189 1932 330 1961 erecto.
380 1923 465 1957 Alia
494 1923 603 1968 igitur
629 1930 765 1969 agunt,
792 1923 854 1973 qui
879 1921 1072 1957 columnae
1094 1934 1113 1956 a
1133 1920 1294 1956 Fortuna
1315 1920 1484 1969 dejectae
1500 1922 1575 1958 sra-

187 1999 273 2032 gore
297 1988 437 2030 signum
462 1995 562 2019 arma
584 1982 778 2033 capiendi,
804 1982 1072 2034 frangendique
1096 1984 1241 2032 imperii
1265 1982 1401 2033 populo
1424 1982 1504 2018 dari
1524 1983 1576 2019 le.

183 2047 270 2096 pide
296 2048 629 2081 comminiscuntur.
678 2045 753 2080 Res
770 2047 850 2095 ipsa
875 2058 895 2080 a
919 2054 1029 2095 poeta
1055 2058 1112 2080 vv.
1141 2053 1183 2085 14
1208 2062 1254 2071 —
1290 2048 1344 2080 26.
1384 2045 1572 2095 praeclare

184 2114 361 2148 tractata,
388 2115 495 2154 atque
523 2103 641 2140 oculis
660 2120 776 2154 paene
803 2105 981 2154 subjecta·
1009 2105 1057 2141 cf.
1085 2106 1190 2153 Virg.
1227 2101 1324 2143 Aeni
1345 2106 1374 2140 Ι.
1402 2107 1468 2153 149
1490 2119 1574 2158 sqq.
1621 2158 1623 2160 q

188 2187 225 2194 -
250 2180 296 2201 ne
315 2168 480 2214 populus
491 2169 678 2214 frequens
697 2186 741 2194 —
762 2167 926 2202 concitet
940 2194 951 2211 ,
979 2169 1087 2205 docta
1115 2166 1321 2211 brevitate,
1342 2181 1423 2218 pro,
1444 2183 1489 2205 ne
1508 2180 1573 2218 po-

183 2228 292 2278 pulus
320 2237 566 2275 congregetur
583 2254 592 2270 ‚
620 2228 798 2279 frequens
825 2234 928 2265 coe'at
956 2231 1012 2273 (ut
1035 2235 1190 2272 coetus,
1217 2230 1263 2266 de
1297 2229 1463 2266 factiosis
1489 2243 1575 2266 con-

184 2289 486 2336 gregatiombus)
525 2291 738 2339 conspiret,
775 2298 811 2326 et
846 2297 1059 2334 cessantes,
1083 2300 1245 2328 ceteram
1279 2291 1572 2331 multitudinem,

183 2350 278 2386 alios
307 2350 420 2393 (nihil
443 2350 626 2399 amplius3
653 2350 816 2386 declarat
842 2354 937 2387 enim
964 2354 1079 2400 magis
1106 2355 1256 2388 istorum
1289 2366 1411 2389 rerum
1437 2351 1572 2387 nov‘an·

184 2411 312 2448 darum
336 2410 523 2455 ardorem,
551 2425 659 2462 quam
685 2412 814 2448 horum
840 2413 1064 2449 tarditatem.
1090 2414 1220 2450 cf.111.
1239 2422 1294 2453 28.
1312 2421 1341 2452 8.
1358 2413 1569 2460 virg-Aen·

180 2474 247 2509 vl.
276 2484 354 2509 211.
382 2473 588 2519 avidusque
613 2475 797 2521 refringit
825 2477 1094 2520 cunctantem)
1127 2477 1312 2520 concitet,
1346 2476 1494 2521 instiget
1519 2472 1572 2506 ad

182 2547 292 2569 arma
316 2535 433 2586 (quod
456 2547 537 2570 curn
562 2535 596 2568 vi
622 2537 837 2584 repetitum,
865 2538 967 2587 quasi
987 2536 1207 2572 adclamatio
1227 2539 1296 2578 sit,
1321 2536 1367 2572 ad
1389 2547 1500 2577 arma,
1517 2536 1572 2569 ei-

180 2611 269 2641 ves,
295 2597 341 2632 ad
363 2609 462 2631 arma
480 2597 514 2642 !)
544 2597 577 2630 in
606 2604 799 2644 tyrannum
826 2594 1073 2647 c‘apessenda,
1101 2601 1228 2650 sicque
1252 2596 1472 2644 imperium,
1504 2597 1568 2630 im-

181 2661 274 2706 perii
312 2666 466 2704 statum,
502 2656 680 2704 formam,
704 2657 904 2706 frangat,
927 2668 1088 2705 evertat,
1128 2662 1316 2703 immutet,
1343 2657 1481 2695 abolita
1504 2666 1567 2703 ty-
