1779 3085
765 225 1131 270 --612--Ἴ

266 307 405 385 ἶεηιιίί,
443 340 670 377 Phalantho:
705 349 780 376 tum
811 341 959 378 uberius
990 344 1024 377 in
1047 341 1177 377 laudes
1204 347 1324 376 terrae
1363 344 1464 377 istius
1489 343 1653 389 digredi*-

265 410 332 437 tur.
363 420 412 429 —
437 413 491 437 ιο.
525 401 730 444 Galaesus,
774 402 969 440 Calabriae
999 403 1131 439 fluvius
1156 401 1350 445 (Martial.
1374 401 1478 438 v111.
1500 410 1560 444 28.
1588 404 1656 448 4.)

266 464 304 498 in
340 475 464 511 agrum
498 463 740 500 Tarentinum
776 465 926 502 influens
949 468 1063 516 ipsum
1099 465 1302 500 Tarentum
1327 461 1511 499 alluebat:
1548 469 1651 511 cujus

267 522 315 558 ab
336 532 486 575 utraque
508 527 585 575 ripa
611 527 864 561 amoenissima
884 539 927 562 ac
952 526 1184 563 fertilissima
1209 537 1292 559 rura
1318 531 1433 572 grant.
1489 522 1653 558 Umbro-

265 586 301 619 si
316 586 449 631 pineta
469 584 638 629 Galaesi,
667 588 796 623 laudat.
811 589 978 638 Propert.
1002 589 1054 631 ΙΙ,
1077 594 1133 627 95.
1151 591 1206 628 07.
1231 587 1359 620 vineta
1387 584 1543 618 Galaesi
1563 585 1656 621 Stat.

269 646 363 681 Snlv.
398 646 447 682 ΙΙ.
476 658 509 684 2.
546 661 624 683 ιιι.
652 649 701 684 cs.
738 650 838 694 Virg.
869 650 935 686 Ge.
973 649 1039 684 IV.
1063 651 1134 685 126.
1164 668 1210 674 —
1246 648 1353 681 dulce
1374 645 1522 689 ovibus,
1558 645 1658 697 quod

251 707 393 755 frigus
417 709 581 743 amabile
603 712 647 745 iis
667 710 846 756 praebet,
880 717 918 744 ut
941 709 987 745 de
1009 711 1180 756 Digentia
1195 708 1263 742 ΙΙΙ.
1289 717 1431 751 132110·
1454 713 1528 741 tum
1549 719 1657 757 prop-

267 778 321 805 ter
348 769 541 806 herbarum
565 770 611 805 ad
633 775 716 818 ejus
739 775 835 822 ripas
861 773 1086 807 nascentium
1114 769 1315 820 ovibusque
1343 775 1526 816 gratarum
1552 767 1658 804 uber-

267 840 395 866 tatem.
451 829 555 863 Arva
575 831 704 864 amica
723 833 854 876 pecori
873 832 1041 866 similiter
1068 833 1202 866 Avien.
1226 831 1271 868 D.
1298 830 1344 864 O.
1382 833 1482 871 1095.
1532 830 1662 863 Marri-

266 893 314 926 ai.
339 892 363 928 l.
386 890 412 925 l.
428 891 501 928 tibi
514 890 663 939 floruit
684 892 799 927 herba
824 891 1058 935 Phalanthi,
1095 905 1170 938 qua
1184 897 1335 926 saturat
1364 889 1532 923 Calabris
1554 890 1661 925 culta

275 953 461 987 Galaesus
491 954 615 999 aquis.
666 954 787 1004 Atque
818 955 912 989 hanc·
937 951 1089 1004 quidem
1116 956 1293 988 rationem
1328 960 1454 987 tenere
1476 960 1664 995 praestat,

269 1029 376 1067 quam
405 1029 488 1051 cum
519 1013 737 1066 quibusdam
767 1016 814 1049 ad
838 1016 936 1051 fluvii
968 1016 1072 1050 lanae
1093 1017 1214 1050 ovium
1241 1014 1329 1049 inde
1348 1011 1554 1048 bibentium
1581 1027 1663 1049 can-

269 1078 397 1112 dorem
422 1077 587 1123 augentis
610 1078 781 1110 virtutem
812 1075 963 1112 referre.
1014 1075 1054 1110 In
1075 1078 1197 1110 animo
1223 1087 1304 1109 eam
1325 1073 1498 1109 habuisse
1520 1074 1663 1110 videtur

267 1138 433 1174 Martial.
449 1137 608 1174 X11.63.
627 1149 662 1180 3.
691 1137 897 1183 Albiffuae
914 1149 1074 1184 superas
1086 1129 1178 1171 'oves
1209 1135 1388 1176 Galaesi,
1415 1143 1450 1170 et
1471 1135 1663 1172 Claudian.

269 1200 315 1235 de
338 1201 402 1236 Vl.
431 1200 541 1235 Cons-
566 1198 662 1235 Hon.
689 1200 769 1240 506.
799 1199 988 1235 Clitumni
1010 1218 1055 1227 —
1086 1198 1207 1232 undas
1233 1195 1399 1231 candida
1424 1208 1517 1242 quae
1540 1195 1664 1230 Latiis

267 1249 449 1307 praebent
473 1264 652 1292 armenta
678 1260 887 1305 triumphis
918 1280 964 1286 —
1001 1260 1097 1296 Oves
1118 1260 1304 1305 pellitae,
1339 1255 1498 1307 pellibus
1521 1265 1663 1300 tectae,

267 1311 488 1371 simpliciter
523 1326 646 1354 tectae
675 1320 884 1370 adpellatae
913 1321 1034 1356 Plinio
1066 1320 1170 1355 VIII.
1196 1331 1253 1365 72.
1285 1318 1428 1354 Colum.
1454 1318 1540 1356 VII.
1569 1328 1603 1354 2-
1627 1326 1663 1355 et

268 1383 363 1418 aliis.
415 1382 589 1417 Solebant
624 1395 710 1417 vero
744 1396 855 1424 oves,
891 1385 1048 1418 maxime
1081 1383 1338 1423 Tarentinae,
1387 1381 1525 1429 operiri
1560 1379 1666 1429 pelli-

267 1445 359 1488 hus,
397 1459 442 1479 ne
469 1445 576 1485 lana,
611 1457 702 1493 quae
725 1445 989 1491 pretiosissima
1015 1451 1107 1478 esset
1135 1441 1282 1486 (Colum
1305 1440 1333 1475 l.
1356 1439 1381 1476 l.
1413 1439 1568 1474 Generis
1581 1440 1666 1474 exi-

268 1505 341 1538 mii
375 1503 576 1543 fltilesias,
621 1503 820 1545 Calabras,
857 1502 1080 1549 Apulasque
1117 1502 1241 1537 nostri
1266 1499 1570 1543 existimabant,
1605 1511 1664 1535 ea-

267 1575 427 1609 rumque
447 1563 614 1609 optimas
645 1562 896 1603 Tarentinas)
926 1566 1020 1598 aEris
1048 1565 1180 1610 injuria
1207 1570 1498 1610 corrumperetur
1526 1561 1664 1607 (Varro

266 1625 314 1661 R.
331 1625 378 1659 R.
400 1624 446 1658 11.
473 1634 491 1657 2
518 1624 941 1672 similiterfacn’endum
978 1623 1018 1656 in
1038 1621 1169 1656 ovibus
1183 1622 1355 1668 pellitis,
1389 1635 1484 1668 quae
1501 1630 1663 1670 propter

267 1686 379 1719 Ianne
402 1684 640 1727 bonitatem,
677 1692 719 1718 ut
745 1691 834 1718 sunt
862 1685 1087 1719 Tarentinae
1116 1691 1152 1718 et
1179 1683 1360 1724 Atticae,
1383 1683 1549 1728 pellibus
1573 1686 1664 1719 inte-

265 1751 427 1792 guntur,
456 1758 501 1780 ne
516 1747 605 1779 lana
625 1746 861 1791 inquinetur,
883 1759 954 1791 quo
971 1747 1100 1779 minus
1126 1746 1188 1778 vel
1207 1746 1313 1790 infici
1332 1746 1580 1791 rectepossit,
1603 1748 1672 1781 vel

267 1807 391 1840 lavari
424 1819 467 1840 ac
498 1807 662 1852 parari)
696 1814 763 1848 >aut
797 1805 896 1841 rubis
929 1808 1117 1858 spinisque
1155 1805 1317 1841 obnoxia
1354 1815 1476 1849 επεν,
1512 1821 1582 1859 qua
1615 1809 1661 1844 de

268 1881 377 1903 causa
400 1870 435 1903 in
451 1866 586 1901 liberos
598 1869 776 1903 maxime
796 1880 965 1915 campos,
991 1873 1029 1902 et
1043 1869 1150 1902 omni
1165 1868 1314 1902 surculo
1329 1865 1494 1915 ruboque
1504 1874 1660 1903 vacante

267 1941 376 1964 ovem
402 1930 588 1963 Graecam
603 1938 746 1978 pastum
770 1922 941 1978 agebant,
963 1942 1007 1964 ne
1024 1935 1062 1964 et
1087 1931 1174 1964 lana
1187 1934 1406 1977 carperetur
1420 1933 1458 1963 et
1470 1934 1663 1978 tegumen,

268 1992 367 2043 quod
389 2001 422 2026 et
456 1993 573 2040 ipsum
597 1992 797 2039 pretiosum
822 1978 925 2034 erat,
961 2004 1004 2028 ex
1035 1992 1171 2028 Arabia
1196 1994 1333 2043 quippe
1346 1993 1515 2042 petitum.
1566 1993 1664 2029 Plin-

267 2054 293 2089 l.
322 2054 344 2087 l.
371 2052 616 2099 Operimenta
636 2053 672 2085 ei
692 2065 743 2086 ex
762 2053 944 2087 Arabicis
965 2056 1186 2099 praecipua.
1225 2054 1322 2089 Tum
1343 2066 1395 2087 ez·
1406 2053 1581 2089 omnibus
1599 2054 1667 2090 Ta-

267 2115 462 2149 rentinum
482 2124 609 2159 genus
632 2113 759 2147 ovium
775 2120 857 2148 erat
877 2115 1420 2164 mollissimum,frigorisque
1442 2117 1665 2164 impatiens,

269 2175 415 2212 Colum.
449 2175 533 2209 Vll.
573 2175 608 2219 4.
644 2176 790 2211 Nostris
827 2176 1052 2227 temporibus
1074 2176 1178 2212 lanae
1212 2176 1390 2212 culturam
1414 2176 1566 2214 reducto
1594 2178 1664 2214 hoc

269 2239 387 2273 veteri
422 2249 521 2271 more
545 2249 759 2283 promovere
786 2237 925 2273 studuit
955 2237 1176 2274 Daubenton
1205 2250 1378 2274 successu
1399 2241 1486 2274 satis
1515 2252 1666 2289 prospe-

270 2312 312 2334 ro
336 2318 381 2324 —
410 2309 464 2333 11.
495 2308 587 2332 rura
625 2304 790 2345 regnata
821 2299 1035 2342 Phalanto,
1077 2313 1250 2349 possessa
1269 2313 1289 2334 a
1309 2299 1534 2344 Phalantho,
1568 2313 1661 2352 quae

269 2359 472 2411 aiiquando
498 2363 611 2395 tenuit
637 2361 743 2398 Phal.
759 2388 770 2403 ,
798 2371 881 2397 nota
906 2370 1096 2412 poetarum
1117 2363 1256 2396 ratione
1273 2388 1283 2403 ,
1310 2362 1484 2411 populum
1506 2361 1554 2396 ab
1576 2362 1665 2398 anti-

271 2437 345 2474 quo
368 2422 492 2473 aliquo
521 2426 597 2469 ejus
625 2436 712 2470 rege
732 2422 961 2472 designandi.
989 2437 1020 2459 v.
1037 2423 1105 2458 111.
1118 2431 1173 2468 ²9.
1196 2433 1254 2462 27.
1273 2421 1363 2457 Stat.
1376 2422 1500 2458 Theb.
1522 2424 1553 2458 1.
1581 2429 1664 2467 335,

274 2483 402 2519 eadem
427 2477 601 2518 orationis
628 2482 762 2519 forma:
791 2484 1013 2531 Scyllaeque
1039 2497 1130 2519 rara
1148 2495 1340 2532 purpureo
1361 2489 1526 2530 ragnata
1550 2487 1659 2523 seni,

274 2546 310 2580 h.
337 2544 448 2581 Niso.
478 2542 721 2578 Phalanthum
744 2558 830 2581 vero
857 2555 1036 2583 memo-rat
1057 2555 1190 2596 poeta,
1226 2560 1306 2583 cum
1327 2544 1491 2588 dileetu;
1518 2558 1602 2581 nam
1629 2547 1659 2581 is‘

273 2614 350 2641 erat
379 2605 472 2640 aiter
500 2604 654 2641 Tarenti
682 2605 863 2642 conditor.
911 2607 991 2644 Hoc
1016 2611 1113 2644 enirn
1137 2609 1229 2644 duee
1244 2608 1459 2644 Partheniae
1485 2609 1552 2650 (ita
1564 2608 1661 2642 enim

273 2679 339 2714 per
362 2667 621 2704 contumeliam
654 2668 678 2701 ii
704 2667 962 2716 Spartanorum
983 2669 1098 2714 dicti,
1139 2672 1200 2722 qui
1228 2685 1246 2707 e
1270 2666 1479 2720 promiscuo
1502 2669 1660 2704 omnium
