1790 3117
703 233 1043 283 *36*

179 346 239 389 da
271 349 407 397 sunt,
455 359 519 405 qu
532 359 587 388 ae
617 344 664 388 in
692 346 899 390 Fabricii
926 345 1150 390 biblioth.
1179 345 1260 388 lat.
1301 344 1401 394 (ed.
1434 354 1569 397 nova}

179 412 240 453 T.
278 410 313 452 l.
337 426 384 469 p.
426 416 532 468 409.
577 411 864 468 traduntur3
903 411 986 454 ubi
1014 418 1059 455 et
1099 410 1275 454 dicitur
1308 409 1389 454 ille
1421 411 1571 456 codex

178 474 508 518 Mentelianus
568 476 798 520 Lambini
852 475 967 519 olim
1014 475 1192 530 fuisse,
1228 476 1360 536 quod
1393 473 1571 519 salsum

181 546 270 583 est.
340 540 376 582 I.
406 542 480 584 28.
507 542 563 584 6:
591 543 670 585 51.
705 544 793 586 18:
822 543 901 599 57.
933 543 1007 586 28.
1032 542 1090 584 IL
1117 543 1164 586 5.
1195 557 1268 585 11.

313 606 527 652 Codices
564 606 873 664 Lipsienses
906 612 1164 666 quatuor,
1203 606 1285 666 qui
1317 607 1365 649 in
1400 604 1572 649 biblio.

179 669 318 713 theca
356 670 601 719 senatoria
620 666 1189 733 Lipsiae'adservantur3
1227 686 1437 731 quorum
1464 673 1574 730 pri-

179 750 295 779 mus
337 735 536 794 (pulpit.
584 736 618 778 l.
645 755 693 780 n.
722 739 819 790 6.),
865 737 1301 797 membranaceus,
1331 735 1416 781 fol.
1445 751 1575 779 com-

183 799 402 859 plectens
441 799 527 843 CX
556 799 697 857 solia,
729 813 816 846 nec
843 802 1062 847 numeris
1101 817 1189 845 nec
1228 800 1373 861 signis
1410 799 1574 844 ‹listin-

185 871 279 916 cta‚
318 881 531 925 quorum
569 874 740 911 octona
758 867 985 911 videntur
1023 865 1332 927 manipulum
1363 864 1574 909 efficere.

181 929 385 990 Singula
404 930 518 974 solia
536 931 787 976 interdum
807 949 831 976 a
847 932 1131 994 bibliopego
1145 938 1428 992 permutata
1445 937 1572 975 sunt.

183 995 386 1054 Scripsit
417 1003 574 1040 totum
606 998 713 1042 eod.
753 1015 849 1041 una
877 1014 1079 1053 manus,
1120 997 1202 1040 sed
1243 997 1325 1041 illa
1358 994 1449 1040 sibi
1474 1011 1575 1046 non

183 1067 408 1103 constans
427 1092 439 1114 3,
477 1078 604 1105 nunc
632 1062 845 1122 majores
873 1079 1000 1106 nunc
1029 1062 1244 1107 minores
1271 1062 1475 1122 pingens
1519 1059 1575 1103 li-

183 1131 331 1169 teras.
359 1140 482 1183 quae
512 1143 609 1170 non
630 1127 829 1186 quidem
856 1126 999 1187 plane
1027 1127 1190 1181 rudes,
1218 1134 1264 1169 at
1294 1142 1453 1186 neque
1483 1125 1582 1168 ele-

182 1195 352 1249 gantes
385 1188 636 1233 dicendae.
657 1190 778 1235 Sunt
802 1207 904 1246 eae,
927 1192 1073 1235 etiam
1096 1191 1303 1234 initiales
1327 1205 1577 1245 versuum,

183 1252 490 1310 minusculae
509 1286 522 1308 ,-
557 1255 711 1316 magis
741 1256 919 1299 latinae
949 1273 1095 1316 quam
1124 1256 1364 1317 gothicae.
1417 1254 1578 1299 Initia-

182 1319 251 1360 les
284 1317 591 1374 carminum,
630 1336 770 1363 more
813 1320 863 1364 in
892 1322 1037 1364 MSS.
1073 1329 1320 1376 consueto,
1363 1321 1580 1381 plerum-

184 1398 279 1442 que
325 1382 524 1438 desunt,
571 1391 617 1427 et
665 1384 838 1429 leviter
882 1393 1072 1430 tantum
1117 1393 1228 1430 sunt
1275 1386 1573 1447 designatae.

184 1448 490 1507 Compendia
516 1466 692 1493 vocum
715 1451 914 1494 crebra.
971 1453 1308 1496 Atramenti-im
1339 1451 1577 1510 temporis

185 1511 511 1556 diuturnitate
549 1513 741 1559 fuscum
785 1515 986 1560 factum.
1055 1518 1108 1562 In
1140 1517 1290 1577 primi
1328 1523 1375 1560 et
1414 1515 1577 1559 ultimi

187 1576 293 1621 folii
341 1578 569 1623 columna
607 1580 763 1641 priori
808 1582 874 1626 sic
912 1583 1102 1627 deletae
1155 1582 1354 1637 literae,
1384 1588 1437 1624 ut
1479 1581 1579 1642 legi

187 1642 267 1686 vix
292 1643 512 1702 possint3
550 1662 699 1706 quare
735 1647 921 1707 primos
955 1643 1024 1692 XI
1056 1664 1223 1694 versus
1265 1648 1378 1693 odes
1407 1647 1426 1690 I
1466 1646 1579 1690 seri-

189 1724 246 1751 or
272 1724 432 1767 penna
463 1709 622 1755 denuo
664 1713 868 1756 induxit.
936 1716 1006 1758 Ex
1056 1713 1281 1758 omnibus
1318 1713 1417 1761 his,
1456 1711 1578 1757 aliis-

189 1788 312 1833 que,
357 1774 644 1833 probabile,
681 1779 897 1823 codicem
944 1781 1047 1826 Sec.
1101 1780 1216 1823 XIII
1260 1786 1341 1822 aut
1372 1778 1489 1821 XIV
1526 1777 1580 1821 in

187 1837 326 1881 ltalia
364 1839 600 1900 scriptum
634 1858 753 1888 esse.
811 1846 1013 1891 Duabus
1049 1846 1184 1907 quasi
1219 1844 1439 1906 partibus
1472 1859 1579 1887 con-

195 1908 312 1956 stat,
351 1902 400 1946 in
441 1922 650 1966 quarum
691 1910 881 1970 prima,
919 1929 1040 1974 quae
1096 1912 1256 1965 Odns,
1300 1910 1493 1959 Enodos
1531 1916 1580 1952 et
1643 1925 1645 1927 ¹

193 1969 405 2012 Carmen
454 1987 549 2015 sec.
593 1975 835 2031 continet,
876 1978 1094 2040 singulae
1127 1977 1332 2038 paginae
1366 1975 1414 2018 in
1439 1974 1576 2018 binas

194 2033 433 2078 sectiones
464 2037 644 2083 divisae
676 2049 802 2095 sunt,
837 2043 1089 2104 lineaeque
1115 2043 1287 2086 ductae
1315 2048 1412 2084 tarn
1429 2048 1581 2084 trans-

195 2114 365 2143 versae
394 2100 630 2159 XXVIII,
682 2123 826 2165 quarn
865 2109 922 2151 ab
964 2116 1170 2169 utraque
1202 2114 1340 2169 parte
1379 2107 1437 2155 ad
1473 2122 1581 2166 pel·-

193 2165 543 2224 pendiculum,
573 2170 747 2230 quibus
774 2172 980 2217 initiales
1022 2174 1194 2218 literae
1237 2180 1283 2217 et
1320 2171 1580 2233 longitudi-

195 2245 280 2273 nes
318 2230 558 2277 linearum
589 2235 925 2281 definirentur.
995 2239 1092 2283 Nec
1122 2239 1233 2282 libri
1253 2271 1265 2293 9
1306 2254 1393 2281 nec
1421 2237 1583 2297 singue

195 2293 242 2337 la
261 2297 478 2341 carmina
501 2310 774 2346 numerata.
811 2304 1369 2364 Paucaefflscriptiones,
1398 2303 1579 2346 rubrae

196 2359 308 2404 illae
337 2368 382 2404 et
409 2380 434 2406 a
460 2365 632 2409 seriori
665 2384 828 2413 manu.
865 2370 928 2413 Ut
964 2377 1072 2413 ante
1103 2378 1257 2414 artem
1296 2369 1578 2430 poeticam:

197 2426 403 2484 Inel'l’l't
439 2429 578 2475 liber
605 2437 863 2490 poeticae.
901 2437 983 2479 Ars
1018 2436 1211 2496 poetica
1237 2440 1399 2488 statim
1426 2431 1581 2493 sequi-

197 2495 280 2562 tur
307 2491 515 2551 Epodos.
556 2496 743 2543 Scholia
775 2502 823 2544 in
860 2501 1023 2561 prima
1066 2509 1204 2562 parte
1256 2498 1579 2563 paucissima,

196 2571 245 2596 in
291 2557 442 2603 altera
476 2561 648 2621 plura,
686 2566 830 2610 etiam
870 2584 895 2610 a
930 2567 1091 2627 prima
1127 2582 1308 2623 manu3
1344 2582 1369 2610 a
1408 2580 1501 2624 qua
1531 2568 1580 2606 et

200 2620 377 2684 codicis
401 2623 656 2688 inscriptio
675 2638 771 2675 est:
804 2635 919 2691 Opa
952 2633 1170 2691 Oraqy:
1208 2632 1577 2689 itempoe'tria·

332 2690 505 2734 Codex
552 2698 812 2742 secundas
847 2697 1046 2759 (pulpit.
1091 2699 1126 2742 I.
1163 2718 1209 2743 n.
1242 2699 1374 2751 580,
1428 2710 1579 2738 mem-

195 2751 482 2812 hmmceus,
517 2757 568 2803 in
593 2768 637 2811 4.
667 2761 783 2808 folia
809 2763 989 2809 hahens
1027 2765 1181 2820 CXV;
1216 2780 1328 2808 nam
1357 2760 1577 2824 primum
