1779 3085
687 230 744 242 *-
834 218 918 260 377
1009 228 1067 245 “··-·

177 333 273 376 her
301 331 502 387 (Epist.
538 329 584 373 I.
622 325 700 378 54.
741 333 790 370 et
827 327 900 371 ad
930 329 1124 371 Horat.
1162 341 1213 383 p.
1263 327 1402 376 500.)
1440 341 1591 386 quem

172 400 389 457 sequuti
413 401 538 440 sunt
572 394 901 447 Dacierins,
938 390 1263 452 Bentlejus,
1314 393 1436 437 alii.
1491 393 1594 437 Pa-

177 472 300 510 tatlt
331 464 608 513 nimirum,
645 461 693 504 si
724 476 824 519 pro
850 459 1137 520 allegoria
1174 459 1450 503 habeatur
1477 474 1595 502 car-

177 548 329 580 men,
380 531 523 573 lianc
566 527 732 571 nimis
784 528 1019 572 anxiam
1069 533 1119 570 et
1158 526 1416 570 subtilem
1457 539 1593 580 esse,

178 600 301 643 dum
340 595 411 639 ad
447 595 746 646 minutias,
785 595 860 639 ad
898 595 1052 643 vela,
1104 599 1413 646 antennas,
1460 591 1597 635 late-

176 681 241 708 ra
262 696 272 706 .
302 659 507 705 malum
538 666 638 705 cet.
672 660 983 706 descendat.
1060 659 1198 704 Tum
1242 659 1476 718 indigne
1502 654 1597 717 fe-

176 734 336 777 runt.
400 728 721 785 comparari
773 730 853 773 sic-
913 726 1309 785 rempublicam
1345 727 1409 769 R.
1463 724 1598 766 navi

173 795 473 851 Ponticae5
508 794 744 838 mallent
770 785 1002 847 Idaeae,
1052 794 1116 837 ob
1154 794 1381 837 Romam
1414 788 1596 850 Troja

173 863 486 905 oriundam.
545 862 797 920 Denique
836 877 921 905 vv.
959 877 1033 919 17.
1062 861 1137 904 18.
1177 859 1505 920 intelligere
1543 870 1597 899 se

173 944 283 971 non
311 943 466 985 posse
504 926 781 982 clamant,
830 929 879 972 si
903 928 1212 988 allegorice
1253 941 1478 972 carmen
1521 924 1600 966 in-

174 994 481 1051 terpretari
505 1000 780 1052 oporteat.
827 995 1025 1054 Itaque
1059 995 1283 1052 proprie
1310 992 1598 1050 accipiunt

174 1066 343 1103 totum
372 1075 593 1105 carmen
613 1092 626 1114 ,
664 1060 910 1119 illudque
941 1061 1207 1117 scriptum
1252 1074 1366 1103 esse
1393 1062 1598 1116 putant

173 1126 245 1169 ad
272 1128 477 1177 navim,
515 1142 619 1184 qua
647 1132 810 1184 poeta
838 1142 889 1170 a.
923 1127 985 1171 U.
1013 1125 1310 1170 DCCXIII.
1329 1142 1447 1171 cum
1467 1124 1603 1168 ami·

174 1193 251 1234 cis
281 1196 405 1248 post
441 1192 653 1236 cladem
694 1193 1105 1250 Philippensem
1145 1193 1203 1235 in
1241 1193 1473 1237 Italiam
1518 1204 1601 1232 ve-

174 1259 349 1304 nerit,
390 1263 441 1299 et
467 1274 573 1317 qua
607 1258 805 1312 amici,
845 1260 1040 1316 quibus
1069 1273 1179 1300 non
1210 1264 1320 1302 tam
1352 1258 1598 1317 benigna

177 1338 323 1368 sors,
365 1339 525 1380 quam
553 1325 809 1375 Horatio,
847 1325 902 1365 in
928 1323 1108 1366 Italia
1137 1320 1465 1381 ads‘ulserit,
1489 1337 1601 1365 ma·

174 1405 232 1431 re
267 1391 464 1433 ilerum
492 1389 716 1448 ingredi
737 1390 1104 1446 paraverint,
1150 1390 1433 1449 Aegaeum
1478 1388 1600 1432 Asi·

171 1470 364 1514 amque
411 1457 662 1513 petituri.
732 1454 865 1499 Illis
904 1456 1086 1516 igitur
1128 1456 1462 1501 abeuntibus
1497 1455 1600 1498 hoc

175 1521 256 1563 acb
285 1523 471 1565 navim
492 1553 503 1570 ,
542 1527 863 1579 tempestate
890 1522 963 1565 ad
990 1519 1322 1568 Palinurum
1354 1537 1604 1581 promon-

173 1589 384 1632 torium
417 1588 758 1635 laceratam,
796 1603 1019 1636 carmen
1057 1589 1343 1647 scripsisse
1380 1588 1605 1632 Horati-

172 1667 256 1700 lzm
281 1669 296 1710 3
341 1660 400 1697 ut
431 1670 599 1713 supra
627 1655 850 1699 tertium
877 1686 890 1708 9
927 1656 1164 1699 abeunte
1192 1657 1443 1700 Athenas
1482 1654 1604 1699 Vir-

174 1720 339 1779 gilio.
412 1722 517 1764 Sed
542 1736 704 1781 quum
736 1722 899 1765 navis
938 1722 1129 1770 lacera
1170 1722 1461 1765 admodum
1507 1721 1603 1763 hu-

176 1787 305 1828 mile
351 1784 607 1846 profecto
650 1788 916 1831 carminis
975 1788 1158 1844 lyrici
1205 1793 1602 1847 argumentum

178 1866 291 1893 esse
346 1853 593 1901 videtur,
645 1854 938 1912 indignum
985 1856 1129 1895 certe
1182 1857 1342 1897 tanta
1402 1853 1603 1910 copia,

175 1918 496 1972 (gravilate,
535 1924 758 1969 ornatu,
799 1918 1016 1975 qualem
1044 1922 1295 1962 nostrum
1333 1935 1375 1962 c.
1403 1919 1601 1962 habet.-

178 1991 321 2035 tum,
359 1984 408 2025 si
439 1982 527 2025 vel
562 1984 904 2036 verissimum
947 1986 1102 2027 esset'
1132 1983 1277 2037 illud
1319 1986 1602 2030 narratio-

177 2051 265 2092 nis
294 2049 590 2102 somnium,
629 2049 759 2107 quid
787 2049 1004 2092 tandem
1031 2050 1255 2094 consilii
1275 2052 1508 2095 Horatio
1536 2052 1598 2095 in

180 2131 243 2159 ea
283 2115 534 2159 canenda
563 2112 1115 2175 propositumsuerit
1141 2149 1153 2171 9
1192 2132 1303 2160 non
1339 2118 1594 2177 adparet.

181 2182 442 2225 I‘oluitne
473 2183 669 2225 amicis
706 2182 1023 2227 dissuadere
1063 2183 1320 2229 abitum?
1357 2200 1430 2229 an
1477 2200 1602 2229 sua-

177 2249 329 2301 dere,
371 2254 428 2290 ut
456 2254 585 2291 ante
616 2239 914 2308 reficerent
944 2250 1131 2294 navim
1147 2250 1176 2293 Ρ
1226 2249 1364 2295 Tum
1392 2266 1493 2297 cur
1529 2249 1603 2296 acl

178 2330 328 2358 mare
358 2316 636 2373 Aegaeum
669 2315 847 2359 redire
884 2316 1063 2359 voluit
1091 2318 1312 2371 amicos,
1350 2334 1510 2377 quum
1542 2319 1600 2361 in

181 2383 364 2424 vicina
402 2382 600 2424 Sicilia
626 2387 764 2425 esset
794 2383 921 2426 Sex.
958 2381 1301 2443 Pompejus?
1338 2386 1428 2439 Et,
1466 2387 1514 2429 si
1542 2386 1601 2428 in

178 2447 428 2492 Siciliam
461 2463 547 2492 eos
574 2450 955 2494 transmittere
985 2451 1140 2508 cupit
1159 2482 1170 2503 ,
1209 2466 1309 2495 cur
1335 2468 1370 2494 a
1397 2451 1601 2510 Cycla-

178 2514 336 2557 dibus
386 2529 473 2558 eos
504 2530 699 2559 cavere
719 2514 936 2574 jubet?
973 2519 1224 2576 Denique
1272 2516 1395 2560 dum
1433 2524 1596 2574 poeta

168 2581 280 2630 stoc
307 2581 451 2641 agit,
479 2588 535 2625 ut
560 2583 916 2641 singularum
939 2585 1188 2642 partium
1218 2599 1600 2628 commemora-

180 2647 324 2690 tione
360 2663 472 2691 rem
506 2649 682 2691 oculis
715 2650 874 2707 quasi
900 2649 1198 2711 subjiciat,
1228 2650 1352 2692 dum
1390 2657 1597 2694 ornatu

180 2715 610 2772 exyuisitissimo
642 2714 1001 2776 doctrinaque
1037 2717 1189 2763 haud
1242 2715 1478 2775 vulgari
1515 2718 1597 2762 al-

182 2780 463 2843 legoricae
507 2783 773 2828 carminis
794 2778 1057 2843 formae,
1116 2798 1253 2845 quae
1287 2797 1387 2841 per
1426 2798 1484 2831 se
1525 2783 1596 2828 le-
