1779 3085
691 243 1063 296 -595-

186 371 222 407 ρ.
248 356 349 402 127.)
377 355 483 400 Fors,
508 354 596 389 mihi
616 353 809 401 porriget,
840 354 938 391 ultro
962 353 1132 396 deferet,
1162 367 1232 390 non
1268 355 1408 406 petenti
1441 353 1568 397 dabit,

190 419 293 466 quod
309 418 383 453 tibi
411 417 576 466 negarit,
598 416 696 467 quod
719 425 756 452 tu
781 417 918 453 frustra
944 419 1037 454 votis
1072 417 1294 466 expetieris,
1329 416 1573 463 flagitaverim

190 480 288 518 forte
312 482 402 516 mihi
423 493 493 516 nec
517 479 682 528 cupienti
704 492 773 515 nec
794 481 957 530 speranti
981 478 1198 525 obtingent,
1232 477 1366 528 quibus
1392 486 1430 514 tu
1453 490 1576 524 aeger-

190 542 282 578 rime
314 553 452 581 careas,
477 551 568 590 quae
591 547 630 574 tu
660 542 816 576 maxime
850 540 1057 578 desideres.
1105 537 1279 574 modeste
1313 544 1368 574 sic
1403 540 1578 576 Horatius

185 615 228 638 se
275 601 322 638 ab
352 601 450 635 omni
484 601 685 651 cupiditate
717 600 889 647 liberum,
923 614 1089 654 quaeque
1116 600 1187 637 sibi
1211 600 1354 636 fortuna
1378 601 1579 649 largiatur,

185 672 287 711 grata
311 675 418 698 manu
450 673 681 705 sumentem,
720 664 931 713 Grosphum
954 672 1082 700 contra
1111 665 1146 698 in
1180 663 1349 697 maximis
1371 660 1512 697 divitiis
1526 662 1578 696 ul-

186 724 383 762 terioribus
408 724 604 761 desideriis
628 724 860 761 laborantem
885 726 1061 764 ostendit.

278 784 311 819 1⁷·
337 788 392 824 33.
414 786 509 828 Jnm,
534 802 605 839 quo
627 797 780 839 uterque
815 787 944 823 beatus
968 795 1092 830 esset,
1127 799 1218 839 quae
1245 785 1393 822 diversa
1426 792 1580 837 uterque

187 846 287 883 bona
317 856 442 883 nactus
467 858 591 891 esset,
623 851 899 898 perspicuitatis
934 861 1042 886 causa
1076 849 1261 885 subnectit
1295 857 1422 899 poeta.
1458 848 1519 883 Tu
1544 850 1583 883 in

187 921 327 948 summa
349 923 457 958 opum
482 909 680 945 adfluentia
706 912 822 951 vivis;
852 923 921 955 ego
946 923 1032 946 vero
1055 917 1278 960 pauper,at,
1300 922 1373 961 quo
1408 922 1466 945 me
1498 908 1586 944 bea·

187 972 368 1006 tissimum
397 968 599 1012 praedico,
635 969 810 1005 facultate
845 969 1143 1021 aliquapoetica
1171 970 1309 1021 polleo.
1363 971 1471 1009 Haud
1506 970 1586 1006 vul·

193 1034 272 1078 gari
296 1030 476 1074 doctrina,
501 1037 703 1080 ornatuque
725 1043 865 1066 summo
885 1031 985 1084 hanc
1012 1035 1233 1068 sententiam
1261 1034 1434 1070 instruxit
1461 1041 1587 1083 poeta,

192 1093 292 1129 adeo
316 1091 482 1144 quidem,
519 1097 556 1124 ut
587 1091 657 1140 ipsi
678 1089 719 1125 hi
740 1104 861 1127 versus
886 1085 1104 1128 modestiam
1131 1096 1224 1141 eiua,
1250 1106 1321 1146 qua
1345 1103 1491 1131 tenuem
1525 1095 1587 1131 ad·

189 1154 339 1191 modum
361 1154 433 1188 sibi
458 1151 638 1199 obtigisse
671 1165 799 1189 venam
817 1155 882 1196 ait,
904 1157 1072 1203 egregrie
1106 1156 1341 1204 redarguant.
1377 1158 1460 1202 Quo
1482 1169 1589 1206 prae·

188 1217 292 1254 claro
319 1215 475 1252 artificio
498 1222 532 1249 et
556 1212 647 1249 alibi
678 1227 762 1249 usus
785 1223 841 1250 est
865 1224 1000 1266 poeta,
1032 1231 1068 1252 v·
1104 1230 1135 1252 c.
1171 1217 1205 1252 I.
1237 1218 1272 1254 6.
1319 1217 1402 1253 Jam
1440 1218 1589 1254 divitias

192 1278 359 1328 Grosphi
384 1277 492 1313 docte
516 1283 703 1311 enumerat
728 1289 792 1324 per
825 1289 955 1324 greges
979 1280 1123 1321 ovium,
1154 1278 1264 1315 boum
1281 1307 1291 1324 ,
1324 1293 1501 1332 equorum
1515 1274 1592 1324 fiet

190 1352 405 1392 purpuram.
456 1339 552 1374 Turn
577 1339 671 1375 illud
697 1342 739 1374 tu
757 1338 947 1384 possides,
970 1341 1054 1377 vide
1077 1355 1187 1393 quarn
1211 1340 1322 1377 docte
1343 1351 1380 1378 et
1401 1345 1592 1394 exquisite

190 1403 398 1438 variaverit.
448 1399 583 1436 vivide
617 1401 715 1436 enim
746 1407 783 1436 et
806 1400 853 1436 ad
876 1409 1042 1437 naturam
1065 1405 1118 1439 rei
1145 1409 1182 1438 te
1203 1402 1349 1438 circum
1382 1404 1592 1450 mugiunt,

194 1464 242 1500 de
270 1465 411 1511 magnis
434 1461 620 1510 gregibus,
655 1463 728 1498 late
752 1475 818 1513 per
846 1475 953 1510 agros
984 1465 1237 1514 pascentibus·
1287 1466 1432 1509 Eodem
1463 1475 1594 1502 ornatu

191 1526 359 1562 Theocr.
384 1537 430 1558 ις.
458 1525 516 1561 56.
550 1524 686 1558 Πολλοὶ
706 1523 744 1558 δὲ
770 1542 818 1552 -
839 1525 971 1569 μόσχοι
997 1528 1055 1562 σῦν
1076 1527 1256 1572 κεροιόισιν
1277 1525 1366 1571 ε’μυ
1383 1525 1431 1569 κή
1446 1540 1501 1561 σοι
1516 1539 1593 1561 vro

195 1587 331 1630 βεέσσι.
355 1587 384 1622 Ε
414 1596 537 1621 nostro
563 1586 728 1622 colorem
749 1585 852 1622 duxit
875 1586 967 1623 Stat.
989 1587 1081 1625 silv.
1107 1588 1177 1626 IV.
1197 1595 1233 1628 5.
1276 1599 1334 1628 27.
1365 1589 1454 1623 Non
1483 1588 1596 1621 mille

195 1647 331 1683 balant
349 1648 518 1695 lanigeri
533 1658 685 1694 greges,
713 1659 781 1681 nec
803 1658 915 1682 vacca
934 1649 1044 1683 dulci‘
1061 1649 1192 1695 mugit
1214 1649 1387 1684 adultero
1405 1676 1415 1692 ‚
1440 1649 1597 1695 unique,

193 1710 417 1758 siquando,
443 1711 597 1743 canenti
624 1714 758 1743 mutus
783 1721 878 1753 ager
910 1708 1064 1742 domino
1085 1709 1286 1743 reclamat.
1333 1709 1480 1755 Greges
1509 1718 1598 1760 puta

196 1775 331 1809 ovium.
356 1773 411 1806 De
432 1772 488 1806 his
507 1771 603 1805 adeo
621 1771 810 1818 proprium
836 1778 928 1809 erat,
949 1765 1082 1801 balant
1103 1774 1148 1803 te
1172 1769 1315 1802 circum
1333 1795 1343 1811 ‚
1372 1777 1407 1803 ut
1435 1771 1469 1804 in
1493 1769 1602 1819 Papi.

196 1837 308 1869 niano
330 1832 425 1868 loco.
475 1831 549 1867 Sed
575 1830 640 1865 alii
662 1843 791 1877 greges
816 1842 1008 1865 vaccarum
1033 1829 1260 1877 intelligunt,
1286 1836 1322 1866 et
1343 1828 1492 1865 Siculas
1514 1842 1601 1864 vac-

195 1904 261 1929 cas
284 1892 511 1929 declarative
533 1906 554 1928 a
575 1900 686 1942 poeta
712 1890 846 1940 subjici
874 1890 1014 1927 volunt.
1056 1892 1226 1927 Praestat
1261 1899 1380 1927 tamen
1415 1894 1517 1941 prior
1547 1905 1605 1927 ra-

200 1957 270 1997 tio,
291 1955 408 1991 altera
429 1954 590 1991 doctior.
619 1952 731 1989 ovid.
759 1952 855 1989 Met.
882 1952 944 1986 [V.
966 1954 1049 1995 634.
1076 1952 1193 1988 Mille
1210 1963 1348 2000 greges
1384 1952 1470 1995 illi,
1508 1951 1603 1987 toti-

201 2017 366 2063 demque
386 2021 562 2050 armenta
582 2026 654 2059 per
674 2013 811 2049 herbas
838 2013 1029 2049 errabant.
1052 2031 1096 2040 —
1123 2011 1289 2055 Siculae,
1306 2021 1475 2064 tanquam
1498 2026 1605 2063 prae-

201 2079 411 2116 stantiores.
464 2077 593 2113 Sicilia
614 2077 715 2112 enim
735 2076 881 2126 pascuis
904 2073 1146 2110 nobilissima.
1177 2073 1255 2109 Alii
1294 2075 1507 2123 Grosphum
1534 2075 1604 2110 sal-

203 2147 261 2175 tus
280 2148 314 2176 et
338 2151 445 2184 agros
476 2140 512 2173 in
536 2135 666 2172 Sicilia
686 2135 859 2172 habuisse
882 2147 925 2172 ex
945 2135 982 2171 h.
998 2136 1024 2170 l.
1051 2142 1209 2184 cogunt3
1230 2135 1327 2170 haud
1350 2137 1602 2181 incommode,

164 2195 165 2199 ¹
200 2203 288 2243 etsi,
309 2209 348 2236 ut
370 2200 521 2237 omnino
545 2200 617 2234 hoe
643 2205 871 2238 statuamus,
910 2200 967 2231 vix
1002 2210 1159 2234 necesse
1195 2199 1417 2236 existimem.
1456 2217 1502 2225 -·
1531 2197 1603 2232 tihi

201 2266 239 2298 in
262 2264 313 2297 tui
335 2260 568 2298 commodum
589 2271 683 2310 equa
708 2257 919 2302 tollit,edit
932 2256 1129 2292 hinnitum
1144 2260 1201 2303 (ut
1221 2259 1355 2293 tollere
1375 2261 1606 2303 clamorem,

202 2335 333 2359 vocem
356 2332 392 2360 et
414 2322 565 2366 similia)
591 2321 806 2366 luxuriatur,
827 2321 989 2371 pascitur
1018 2321 1052 2355 in
1074 2324 1203 2369 pratis,
1239 2334 1306 2371 pro
1332 2322 1494 2369 vulgari:
1535 2322 1605 2357 tibi

204 2394 289 2422 sunt
313 2398 429 2437 equae
453 2382 688 2426 armentales,
709 2382 876 2433 adeoque
898 2389 1062 2418 armenta
1092 2395 1280 2434 equorum.
1313 2402 1352 2409 —
1380 2380 1486 2427 Apta
1509 2394 1603 2429 qua-

206 2447 346 2494 drigis,
371 2447 469 2483 forte
497 2448 647 2497 antiquo
670 2453 706 2481 et
725 2445 902 2494 primario
929 2443 1100 2480 vocabuli
1125 2445 1356 2491 significatu,
1394 2457 1462 2494 pro
1478 2470 1488 2486 ,
1527 2444 1608 2487 jun-

209 2517 273 2546 cta
294 2510 332 2546 h·
358 2521 451 2560 quae
480 2511 647 2555 jungatur
671 2505 868 2558 aliquando
891 2504 1083 2557 quadrigis
1099 2507 1133 2541 in
1153 2509 1355 2542 certamine
1370 2506 1523 2548 tunuli,
1541 2517 1610 2554 per

211 2571 415 2620 prolepsin.
439 2569 650 2619 Simplicius
672 2576 793 2603 tamen
817 2565 943 2612 fuerit,
971 2571 1104 2613 aptam
1137 2566 1311 2602 idoneam
1347 2566 1481 2613 quadr.
1518 2581 1613 2619 quae

213 2634 250 2667 in
272 2632 473 2668 certamine
495 2631 631 2665 curruli
654 2628 890 2672 adhibeatur,
911 2631 1101 2679 accipere.
1128 2629 1183 2664 Ita
1204 2628 1330 2676 longis
1356 2627 1530 2663 cursibus
1549 2641 1618 2675 ap·

217 2701 282 2730 tus
312 2704 429 2743 equus
456 2693 591 2731 dicitur
615 2692 726 2733 ovid,
765 2704 809 2731 ex
827 2694 866 2730 P.
889 2693 920 2727 Ι.
941 2702 973 2730 s.
996 2693 1054 2733 86.
1065 2691 1218 2729 Utrovis
1243 2700 1364 2728 autem
1384 2691 1493 2728 modo
1509 2705 1617 2744 equo-
