1779 3085
705 231 777 269 ...-”
846 248 926 286 522
1017 256 1073 267 ..-

191 368 274 392 cum
301 368 345 390 eo
372 355 606 403 conjunctus.
655 352 741 388 Rex
766 351 937 398 igiturph.
967 349 993 386 l.
1029 357 1107 387 est:
1136 350 1198 396 qui
1238 347 1486 386 instituendae
1523 360 1577 385 n·

193 416 410 468 guntlaeque
434 416 611 464 juventuti
631 414 865 464 praeficitur,
892 418 1020 450 custos
1045 412 1164 448 dietus
1198 414 1244 446 A.
1262 410 1302 445 P.
1341 413 1416 447 161.
1438 419 1473 446 et
1497 409 1578 445 Vin

191 479 256 526 gil.
281 478 378 514 Aen.
406 476 451 508 V.
473 477 555 522 546.
576 474 651 510 Alii
670 474 715 510 de
746 487 832 522 rege
857 476 891 509 in
914 475 1010 510 ludis
1031 471 1233 524 puerilibus
1258 471 1579 523 accipiunt.·quod

192 542 312 590 ipsum
338 537 480 589 puerile
507 536 661 572 videtur.
711 536 789 572 Nec
812 536 943 572 melior
969 549 1094 572 eorum
1120 537 1228 577 ratio,
1253 536 1315 586 qui
1339 534 1505 570 Lamiam
1525 547 1580 569 re·

184 615 282 647 gem
310 602 344 636 h.
366 608 556 649 patronum
584 597 766 634 Numidae
794 610 814 633 a
834 600 994 647 pueritia
1018 597 1132 633 fuisse
1154 595 1404 634 contendunt3
1441 598 1499 631 cui
1527 610 1580 633 re·

188 662 352 710 {rogatur
374 659 432 695 vel
458 674 491 694 v.
516 673 570 712 sq.
596 678 642 687 —
666 670 702 705 9.
725 671 885 710 quocum
908 658 1028 693 simul
1053 663 1187 704 togam
1211 665 1446 707 praetextam
1484 660 1579 694 virili

189 723 377 764 mutavit,
398 731 518 770 togam
546 721 692 757 virilem
717 736 789 758 una
813 723 954 757 sumsit.

279 797 312 819 v.
341 796 382 819 io
398 796 478 831 sqq.
501 784 628 820 Festus
650 786 760 832 igitur
786 786 847 820 hic
868 784 952 820 dies
977 783 1155 820 habeatur
1171 808 1180 824 ,
1203 780 1443 833 hilariterque
1466 789 1580 817 trans-

184 850 318 894 igatur.
366 847 604 884 Hilaritatem
640 847 865 897 specialibus
891 848 986 884 ideis
1010 854 1119 896 poeta
1144 844 1346 881 declaravit
1381 857 1448 894 per
1484 857 1581 880 com-

184 911 432 960 putationem,
470 909 730 953 saltationem,
767 909 917 960 epulas,
953 917 1014 952 et,
1039 910 1102 959 qui
1127 905 1245 958 epulis
1269 908 1492 948 inserviunt,
1518 905 1583 942 sso-

187 985 267 1008 rum
287 972 447 1021 copiam.
473 990 519 998 —
544 970 602 1004 Ne
627 976 784 1013 careat,
811 984 893 1006 cum
918 971 976 1005 vi:
1004 970 1119 1010 haec,
1141 970 1171 1003 si
1197 981 1290 1019 quae
1326 966 1395 1002 alia
1411 995 1421 1010 ‚
1453 967 1580 1002 distin·

186 1034 360 1082 guenda,
389 1032 566 1081 signanda
596 1041 654 1068 est
679 1038 771 1067 nota
804 1033 956 1073 Cressa,
989 1039 1107 1067 terrae
1131 1043 1224 1084 quae
1251 1030 1399 1065 Cretica
1421 1027 1580 1064 habeha-

189 1104 268 1137 tur,
295 1103 419 1131 cretae
443 1102 551 1137 nota,
578 1094 614 1129 h.
644 1093 752 1136 alba;
778 1093 1002 1145 proverbiali
1023 1094 1207 1130 locutione
1238 1098 1325 1143 pro:
1348 1095 1384 1126 in
1410 1091 1581 1127 felicissi-

185 1158 259 1192 mis
285 1163 508 1192 numeretur.
560 1155 663 1191 Alias
688 1156 846 1198 dicitur,
873 1154 958 1190 albo
981 1155 1114 1202 lapillo
1141 1155 1246 1189 diem
1271 1160 1417 1195 notare,
1442 1154 1487 1189 de
1509 1167 1581 1204 qua

155 1216 362 1269 -loquendi
390 1219 530 1252 ratione
560 1216 694 1252 multus
719 1224 772 1253 est
798 1217 920 1253 Bentl.
951 1219 1011 1269 qui
1038 1225 1159 1253 tamen
1182 1230 1309 1267 parum
1347 1217 1476 1252 dextre
1501 1213 1582 1250 Sta·

184 1280 229 1315 tii
251 1278 342 1315 silv.
363 1278 431 1314 IV.
458 1284 486 1314 8.
510 1280 567 1324 39·
592 1277 820 1326 Albanoque
843 1278 982 1314 cadum
1010 1279 1226 1314 sordentem
1246 1290 1425 1324 promere
1435 1277 1551 1320 fumo
1568 1304 1580 1318 ,

186 1346 225 1374 et
250 1345 365 1374 cantu
387 1339 542 1385 signare
567 1338 671 1372 diem
696 1338 820 1374 eidem
840 1339 1125 1380 adcommodat,
1156 1340 1395 1386 corrigendo:
1425 1345 1461 1372 et
1481 1347 1580 1374 creta

185 1404 346 1448 signare
371 1401 489 1436 diem.
522 1401 617 1436 Nam
650 1400 831 1436 redimire
856 1400 1016 1447 chegrn,
1044 1400 1143 1452 quod
1176 1403 1383 1447 antecedit,
1421 1402 1465 1438 <le
1500 1402 1580 1437 solo

181 1463 361 1513 adparatu
399 1461 708 1509 intelligentlum;
743 1470 780 1498 et
820 1467 936 1496 cantu
970 1456 1126 1510 signore
1150 1462 1252 1497 diem
1273 1462 1402 1498 eadem
1439 1464 1580 1498 ratione

186 1527 359 1571 dietum,
386 1539 457 1578 qua
485 1526 596 1562 ovid.
621 1525 719 1562 Fast.
743 1526 790 1561 V.
811 1535 896 1568 474.
919 1526 1062 1561 honore
1084 1526 1239 1573 signare
1274 1523 1391 1559 diem.
1425 1542 1472 1551 --
1501 1523 1582 1556 dies

180 1589 346 1633 pulchra
363 1616 374 1632 ,
400 1587 513 1633 laeta,
539 1588 656 1634 felix,
684 1588 824 1633 fausta,
848 1597 884 1624 ut
909 1589 972 1623 IV.
993 1591 1033 1635 4.
1053 1600 1111 1634 39.
1136 1587 1243 1624 Aliae
1271 1597 1325 1624 est
1359 1588 1432 1621 lux
1453 1585 1579 1620 candi-

182 1651 257 1693 da,
280 1651 390 1685 nivea
418 1657 455 1686 et
483 1653 564 1686 sini.
586 1670 632 1679 —
656 1661 710 1687 11.
738 1662 829 1686 neve
853 1650 990 1686 modus
1021 1649 1240 1690 adhibeatur
1273 1647 1507 1694 amphorae,
1539 1648 1577 1682 h.

183 1714 259 1749 vini
283 1725 328 1749 ex
347 1712 526 1763 amphora
552 1714 776 1757 hauriendi,
808 1717 844 1750 in
875 1715 1036 1764 potando
1065 1713 1215 1751 modum
1244 1710 1426 1748 excedere
1447 1711 1580 1751 decet,

185 1773 241 1810 fas
268 1783 322 1810 est
346 1789 413 1825 per
436 1774 512 1811 diei
537 1776 811 1812 solennitatem.
864 1777 985 1812 Simili
1006 1776 1132 1811 colore
1163 1773 1258 1810 Stat.
1293 1771 1385 1807 Silv·
1409 1771 1439 1805 l·
1462 1782 1495 1813 5·
1525 1782 1578 1807 1¹1-

187 1838 336 1882 Jtmge,
365 1849 486 1882 puer,
515 1838 688 1883 cyathos,
718 1838 785 1871 sed
806 1849 851 1870 ne
876 1848 1078 1871 numerare
1102 1835 1244 1876 labora,
1263 1836 1578 1878 cunctantemque

185 1896 338 1930 intende
359 1899 524 1943 (corrige
557 1899 635 1933 sine
659 1898 924 1933 haesitatione:
956 1896 1131 1940 impelle)
1153 1895 1300 1940 chelyn.
1331 1913 1377 1920 —·
1395 1894 1580 1927 Promtae

187 1971 206 1992 e
231 1957 330 1995 cella
355 1960 493 1995 vinc-ria
511 1986 522 2000 ,
548 1967 656 2011 atque
689 1961 725 1994 in
748 1960 910 1996 medium
934 1962 1075 2010 positae
1093 1984 1104 2003 ,
1137 1958 1279 1994 solenni
1315 1954 1506 1993 vocabulo.
1532 1955 1579 1992 Η.

186 2020 218 2059 I.
244 2019 465 2069 simpliciter
491 2029 606 2057 ornat.
635 2021 711 2057 Alii
739 2030 879 2065 tamen,
922 2037 966 2058 eo
989 2022 1155 2063 inducti,
1178 2020 1397 2057 sententiam
1421 2021 1475 2055 sic
1494 2032 1579 2054 con-

186 2084 357 2117 stituunt:
398 2096 444 2117 ne
482 2082 612 2118 mod-s
637 2084 683 2118 sit
707 2084 741 2118 in
767 2084 981 2134 promendis
1005 2085 1051 2121 tle
1088 2083 1184 2119 cella
1223 2082 1433 2132 amphoris;
1469 2094 1577 2134 quam

187 2142 386 2179 admodum
411 2158 564 2187 vereor,
597 2153 633 2179 ut
661 2144 804 2192 linguae
827 2145 930 2194 leges
954 2146 1086 2182 ferant.
1111 2162 1156 2172 ·-
1183 2156 1237 2180 12.
1261 2157 1330 2180 nec
1348 2143 1445 2179 absit
1470 2142 1579 2179 salta-

185 2208 261 2249 tio,
290 2206 514 2257 tripurlium,
539 2219 640 2242 more
663 2207 854 2244 Saliorum.
904 2208 1005 2244 Pede
1026 2214 1170 2244 terram
1192 2211 1349 2255 quatere
1379 2205 1429 2250 (Ι.
1465 2216 1498 2247 4.
1528 2208 1578 2248 7.)

181 2267 339 2314 pulsare
359 2267 408 2309 (I.
439 2277 495 2311 37.
522 2267 580 2311 2.)
598 2267 858 2314 pedemferre'
879 2268 945 2313 (ΙΙ.
973 2280 1028 2309 12.
1059 2272 1132 2315 17.)
1156 2279 1329 2311 movere,
1371 2276 1408 2304 ut
1430 2255 1577 2304 πάλλειν

186 2327 276 2363 πόδα
303 2326 460 2373 αἰθέριον
484 2329 613 2380 Eurip.
640 2329 781 2366 Troad.
805 2332 889 2377 546.
910 2330 1079 2369 solennia
1102 2330 1151 2368 de
1175 2331 1384 2367 saltatione.
1405 2330 1449 2365 H.
1467 2330 1490 2365 l.
1507 2344 1576 2366 non

189 2399 261 2425 tam
289 2392 486 2427 concinnus
512 2390 591 2435 ille,
619 2393 804 2445 certisque
827 2392 962 2443 pedum
987 2393 1167 2429 mensuris
1188 2391 1389 2428 adstrictus
1410 2391 1578 2440 corporis

188 2460 305 2489 motus
332 2453 622 2501 intelligendus,
648 2467 755 2506 quam
776 2456 922 2505 potius,
948 2455 1067 2508 qualis
1086 2457 1124 2491 in
1151 2451 1325 2492 effusiore
1350 2455 1492 2491 laetitia
1513 2452 1579 2488 de·

185 2514 429 2563 prehenditur
443 2543 454 2558 ,
482 2516 681 2553 exsultatio
694 2544 706 2563 ,
726 2516 944 2568 tripudium,
964 2515 1081 2555 Saliis
1093 2517 1226 2555 Martis
1247 2515 1506 2555 sacerdotibus
1524 2511 1574 2550 se*

189 2589 228 2612 re
249 2580 451 2629 proprium.
478 2592 512 2614 v·
534 2578 613 2615 Liv.
636 2580 668 2617 1.
694 2591 753 2616 20.

282 2650 318 2675 v.
342 2641 400 2677 13.
414 2650 470 2682 14.
484 2639 667 2675 Damalis
686 2651 733 2674 ne
753 2640 881 2676 vineat
900 2642 1083 2688 Bassum,
1107 2642 1218 2680 docte
1235 2650 1272 2681 et
1286 2643 1471 2695 exquisite
1492 2653 1579 2692 pro,

187 2708 333 2738 certent
372 2704 469 2742 inter
498 2715 538 2741 se
568 2701 786 2750 amystide.
825 2704 1004 2744 bibendo.
1038 2704 1216 2752 Ἄμυστις
1239 2713 1321 2750 est,
1357 2713 1394 2746 ut
1413 2704 1578 2757 Hesych.
