1779 3085
216 269 277 313 in
308 269 550 312 omnium
587 280 768 312 reram
808 264 1162 308 abundantia
1203 266 1382 309 nivere
1422 265 1635 310 liceret.

216 335 443 380 Accedet
470 336 527 377 in
553 337 742 376 nostro
769 332 981 389 quidem
1009 331 1252 374 carmine
1286 333 1433 375 illud
1450 334 1635 387 etiam,

218 402 361 460 quod
397 403 625 446 Faunus
659 402 948 453 poetarum
988 410 1194 456 quoque
1238 403 1418 440 custos
1447 406 1541 443 est.
1584 416 1634 443 υ,

215 469 294 513 II.
341 483 415 526 17.
458 479 532 521 29.
573 463 708 507 Jam
755 469 920 521 poeta
958 462 1187 507 illarum
1238 466 1637 509 amoenitatum

218 535 372 592 cupit
406 530 738 589 participem
766 544 879 574 esse
919 528 1339 589 Tyndaridem,
1389 532 1639 588 puellam

218 600 435 643 doctam
463 595 870 657 praeclaroque
900 596 1127 657 ingenio
1155 610 1223 638 ac
1257 596 1495 640 delicato
1538 599 1641 640 ele-

215 664 450 726 gantiae
488 678 651 708 sensu
685 663 1033 722 praeditam,
1074 677 1235 721 quam
1279 670 1330 706 et
1367 664 1638 719 poelt-iam

200 727 393 792 ficisse
431 745 517 774 vv.
562 729 620 774 13
650 753 712 760 —
747 725 1022 789 20.facile
1060 728 1217 771 nobis
1250 730 1640 786 persuadeant.

213 797 504 843 Habuerat
548 812 612 842 ea
655 802 957 840 amatorem
1003 797 1228 854 Cyrum,
1257 796 1550 852 pulchrum
1586 801 1639 839 ec

216 862 437 907 mollem
453 861 743 922 juvenem,
773 863 869 906 sed
885 863 1109 908 eundem
1141 868 1476 919 protervum,
1504 863 1643 907 ebri-

215 944 367 974 osum
395 944 461 974 ac
488 930 828 986 suspicacem
852 960 864 983 ‚
894 945 928 972 a
965 945 1065 989 quo
1099 928 1216 971 ideo
1247 930 1467 986 saepius
1494 930 1642 974 male

215 996 415 1041 habita
431 991 672 1055 fuisset.
740 995 939 1053 Itaque
973 996 1184 1038 invitat
1210 1008 1324 1040 eam
1353 1010 1448 1039 rus
1480 1010 1643 1040 suum.

217 1067 404 1121 poeta,
436 1061 580 1120 quod
609 1077 724 1106 eam
748 1079 780 1105 a
813 1062 959 1120 Gyri
987 1061 1255 1105 violentia
1283 1068 1459 1105 tutam
1484 1075 1643 1119 prae-

225 1134 363 1181 stet,
402 1133 566 1186 atque
610 1128 703 1170 ubi
740 1128 851 1171 otio
885 1132 1048 1186 atque
1086 1128 1384 1172 securitate
1411 1125 1645 1186 persi-ui

217 1195 395 1255 possit
425 1194 800 1251 optatissima.
866 1196 1024 1238 Hanc
1054 1195 1196 1237 enim
1225 1209 1387 1252 quum
1413 1194 1643 1252 paellae

204 1260 679 1322 jucundissimam
704 1256 846 1317 fore
883 1259 1093 1303 videret
1115 1260 1411 1313 Horatius,
1459 1274 1644 1302 omnes

217 1326 489 1371 carminis
527 1322 600 1367 ad
643 1339 760 1368 eam
802 1324 982 1367 vivide
1020 1324 1414 1370 declarandam
1452 1331 1644 1369 attem-

217 1391 441 1451 peravit
473 1390 712 1443 colores,
743 1406 844 1449 quo
873 1390 1156 1435 lubentius
1180 1407 1243 1435 ea
1268 1393 1375 1437 sibi
1397 1391 1646 1448 obseqne-
1687 1385 1694 1394 “

217 1464 393 1505 retur.
464 1456 858 1515 Eloquutionis
898 1463 1131 1501 ornatus
1158 1464 1238 1502 est
1277 1457 1645 1516 exquisitissi-

217 1540 337 1570 mus
360 1528 415 1566 et
446 1522 820 1577 cult-issimus,
857 1523 1165 1585 imaginum
1202 1518 1646 1570 color‘suavissi-

214 1606 353 1639 mus,
380 1592 483 1643 ita,
514 1596 573 1634 ut
593 1591 912 1646 universum
940 1605 1162 1636 carmen
1193 1591 1264 1636 ad
1291 1589 1643 1649 idylliimol-

217 1657 513 1702 litudinem
552 1656 814 1701 accedere
844 1656 1120 1701 videatur.
1161 1659 1522 1714 Comparetur
1550 1673 1642 1700 au-

219 1730 324 1768 tem
353 1739 468 1767 cum
503 1723 663 1766 illius
698 1728 1028 1782 argumento
1060 1725 1239 1781 Epist.
1279 1724 1327 1766 I.
1374 1724 1447 1766 16.
1477 1723 1644 1766 Deni-

221 1805 322 1848 que
349 1790 594 1840 Sivrius,
631 1788 794 1831 nulla
820 1789 964 1831 satis
993 1788 1191 1832 idonea
1221 1789 1441 1833 ratione
1488 1789 1642 1831 indu-

218 1861 370 1907 ctus,
408 1869 432 1898 e
468 1853 981 1911 Stesichorialiquo
1010 1855 1254 1899 carmine
1285 1859 1532 1900 nostrum
1562 1854 1642 1901 la-

221 1923 335 1966 tine
366 1934 583 1966 versum
612 1933 724 1964 esse
744 1918 1044 1963 contendit.

566 2087 1304 2139 Adnotationcs.

312 2237 347 2260 ν.
376 2236 395 2262 1
418 2236 499 2274 sqq.
521 2224 780 2273 Amoenitates
802 2225 917 2263 villae
939 2240 1026 2264 suae
1043 2227 1298 2280 descripturus
1318 2237 1444 2281 poeta,
1471 2240 1532 2268 eas
1561 2243 1636 2263 nou

218 2302 239 2326 a
275 2287 434 2325 fontium
467 2286 826 2340 praeterlabentium
844 2302 1022 2332 susurru,
1057 2303 1079 2326 a
1104 2305 1297 2329 nemorum
1331 2290 1497 2334 umbris,
1534 2290 1640 2326 valli.

219 2365 306 2394 um,
333 2341 560 2401 gregariique
595 2347 651 2384 ibi
686 2351 917 2400 pascentium
952 2351 1054 2388 laeto
1076 2354 1281 2407 adspectu,
1323 2357 1363 2391 in
1389 2368 1544 2407 quorum
1579 2353 1642 2389 ‹le-

219 2414 426 2464 scriptione
451 2411 570 2447 nostri
593 2411 672 2449 fere
700 2423 835 2464 poetae
862 2415 1096 2453 luxuriantur
1113 2443 1125 2461 ,
1161 2420 1323 2469 repetit;
1356 2418 1446 2459 sed,
1479 2424 1518 2452 ut
1547 2416 1641 2451 vivi-

221 2476 304 2513 dius
333 2487 394 2513 eas
421 2474 617 2518 declaret,
638 2477 780 2529 totique
803 2479 973 2528 picturae
1002 2481 1114 2515 vitam
1141 2483 1246 2532 quasi
1275 2479 1413 2516 tribuat
1430 2507 1439 2523 ,
1481 2478 1642 2529 exquisi-

222 2548 260 2577 ¹0
282 2541 397 2576 utitur
417 2538 702 2590 phantasmate,
727 2540 816 2576 <lum
841 2541 1032 2587 Faunum,
1071 2542 1186 2579 villae
1210 2556 1295 2579 suae
1317 2542 1469 2580 deliciis
1506 2543 1643 2577 invita-

222 2609 299 2638 tum
314 2628 326 2644 ,
349 2598 569 2652 posthabito
591 2599 746 2652 Lycaeo
770 2615 853 2639 eam
876 2605 1062 2648 invisere,
1091 2603 1217 2657 ibique
1240 2606 1386 2655 saepius
1416 2605 1643 2641 commorari

224 2664 331 2703 dicit.
381 2664 568 2701 Nimirum
592 2658 742 2714 pii-‘icae
765 2667 878 2703 aetati
904 2666 1093 2705 insidebat
1114 2669 1269 2720 opinio,
1305 2669 1404 2706 Deos
1440 2666 1524 2704 loca
1557 2668 1650 2717 ipsit
