1834 3117
809 171 865 189 -·-.
959 153 1012 203 16
1101 181 1157 190 a...

284 286 368 326 tae
415 272 675 330 lyricam,
713 273 766 326 h.
801 277 1392 344 universumcujusque
1427 276 1674 331 carminis

281 355 522 404 habitum
557 366 609 404 et
634 354 899 404 incessum
937 357 1278 418 expedirem,
1315 359 1677 423 dispositionis

282 444 451 482 artem
488 433 808 482 enodarem,
847 431 1079 481 celerem
1102 447 1164 480 ac
1199 433 1509 484 liberiorem
1536 437 1679 500 inge-

280 512 355 561 nii
386 523 590 560 motum
621 528 684 561 ac
712 513 1060 577 praecipitem
1097 513 1232 561 adeo
1258 515 1540 578 impetum,
1575 532 1678 580 quo

280 602 646 659 argumentum
697 608 846 639 suum
903 590 1126 640 subinde
1184 591 1425 642 devolvit
1492 602 1680 658 poeta,

275 689 658 737 persequerer,
693 672 1044 735 eumdemque
1070 672 1519 722 enthusiasmum
1508 691 1557 721 m
1594 689 1683 739 ge·

278 755 562 802 nerosioris
599 768 769 802 venae
810 754 1033 819 ingeniis
1073 755 1365 806 excitarem
1401 762 1452 801 et
1475 751 1682 801 inflam-

279 848 503 888 marem,
529 832 968 897 phantasmatum
1005 834 1113 882 vim
1160 849 1224 881 ac
1272 833 1567 882 rationem,
1615 834 1681 879 ne

278 911 487 961 incerta
523 911 812 966 fluitarent,
849 914 1189 977 animumque
1220 895 1445 961 obscura
1478 920 1682 960 tantum

278 1003 371 1041 aut
417 992 630 1040 omnino
685 1007 827 1040 vana
875 991 1079 1057 specie,
1128 989 1437 1039 umbrarum
1480 996 1683 1039 tactum'

277 1072 653 1136 refugientium
692 1073 888 1133 instar,
935 1068 1275 1121 deluderent,
1312 1055 1557 1118 sollerter
1593 1085 1682 1117 ex-

275 1149 583 1215 planarem;
619 1158 725 1196 tum
751 1149 1078 1214 singularum
1114 1150 1346 1211 partium
1373 1149 1682 1196 adornatio-

276 1243 400 1277 nem
459 1236 511 1274 et
568 1225 941 1275 tractationem
994 1237 1320 1285 excuterem5
1391 1230 1681 1291 earumque

274 1310 470 1373 justam
510 1322 628 1355 cum
663 1310 802 1355 inter
835 1321 893 1353 se
928 1314 1037 1353 tum
1067 1321 1183 1354 cum
1216 1308 1467 1370 primario
1493 1305 1683 1355 carmia

275 1386 360 1436 nis
432 1394 739 1453 argumento
802 1383 1231 1451 convenientiam
1309 1387 1681 1440 ostenderem}

277 1466 506 1529 denique
556 1466 818 1512 sermonis
854 1462 1017 1528 lyrici
1071 1462 1182 1512 vim
1232 1475 1284 1512 et
1318 1464 1554 1512 indolem
1605 1463 1684 1513 ita.

281 1545 648 1599 declararem,
685 1551 739 1590 ut
775 1550 986 1590 ornatus
1023 1544 1161 1604 ejus,
1205 1542 1491 1590 verborum
1539 1543 1681 1593 dele·

278 1632 389 1677 ctu,
433 1623 694 1689 dignitate
742 1630 794 1670 et
840 1618 1023 1685 copia;
1084 1620 1430 1686 exquisitiore
1477 1638 1682 1672 eorum:

278 1703 400 1750 dem
427 1710 687 1749 structura
713 1708 764 1746 et
791 1699 1174 1749 collocatione,
1210 1701 1368 1749 docta
1397 1706 1680 1751 sententia-³

276 1800 395 1832 rum
442 1783 776 1834 inversione,
825 1776 1244 1842 amplificatione
1294 1788 1390 1826 cet.
1439 1781 1671 1845 quaesiti

281 1864 486 1911 semina
525 1870 576 1908 et
612 1864 807 1908 causae
841 1868 1192 1923 patescerent.
1265 1859 1419 1924 Quae
1456 1860 1671 1923 quidem

280 1943 458 1988 omnia
502 1949 558 1986 ut
593 1940 690 1986 rite
738 1939 1083 2001 adsequerer‚
1136 1935 1267 1985 nihil
1314 1940 1454 2001 prius
1517 1948 1678 2003 atque

278 2021 541 2084 antiquius
597 2017 789 2071 habui,
834 2033 994 2081 quam
1039 2026 1095 2066 ut
1132 2016 1415 2065 Horatium
1473 2007 1588 2067 cum
1624 2021 1681 2067 in

277 2099 597 2166 argumentis
626 2106 737 2144 tum
758 2098 810 2143 in
847 2095 1064 2161 singulis
1095 2095 1394 2145 carminum
1430 2097 1678 2161 partibus

277 2177 410 2228 mihi
437 2177 597 2242 plane
625 2188 880 2242 graecum
914 2175 1163 2242 fingerem
1204 2191 1267 2224 ac
1304 2186 1678 2240 repraesenta-

278 2274 411 2319 rem,
449 2250 753 2322 fontesque,
805 2257 849 2303 si
894 2271 1026 2321 quos
1078 2255 1219 2303 bona
1262 2255 1469 2303 fortuna
1523 2255 1677 2306 nobis

276 2326 498 2385 fecisset
543 2335 801 2398 reliquos,
839 2333 1301 2398 circumspicerem
1326 2375 1336 2395 ‚
1387 2336 1674 2399 seduloque

281 2416 691 2480 investigarem5
732 2414 998 2462 defectum
1044 2423 1220 2462 autem
1263 2413 1483 2462 istorum
1534 2429 1675 2462 com-

278 2496 423 2542 muni
469 2491 798 2541 Graecorum
834 2494 1087 2558 loquendi
1131 2511 1223 2542 usu
1259 2494 1326 2540 ad
1367 2503 1543 2557 partes
1584 2509 1674 2540 vo‘-

281 2569 401 2620 cato
432 2573 753 2638 supplerem.
825 2572 1034 2621 Etenim
1065 2575 1192 2621 satis
1223 2575 1554 2632 exploratum
1581 2580 1676 2627 est,>

279 2651 587 2709 Roman05‚
626 2654 858 2705 maxime
885 2662 1102 2720 poetas»,
1137 2654 1206 2702 ad
1238 2668 1432 2722 graeca
1455 2654 1674 2719 ingenia*
