1779 3085
709 200 763 249 ..’-
854 214 937 269 295
1026 237 1083 247 -.

193 334 304 367 maris
329 332 522 382 superficie
545 331 780 382 adparentes,
806 327 905 365 δεινοὶ
931 327 1031 376 φῦλοι
1057 325 1178 364 πόντου
1202 329 1391 380 Eurip.fr.
1413 330 1510 381 apud
1522 331 1608 366 Val-

196 394 280 429 ken.
309 396 428 430 Diatr.
454 409 493 444 p.
517 404 596 434 147.
625 390 773 428 σίνκιδὲοι
805 392 964 435 Samara:
987 393 1122 432 πόντου,
1152 393 1311 443 Oppian.
1349 392 1430 427 Hal.
1465 393 1511 427 V.
1544 403 1605 434 24.

194 466 232 493 et
261 458 408 499 πελώρια
433 455 606 499 &adfuerat
637 456 761 488 πόντου
791 453 890 503 apud
914 454 1072 490 eundem
1108 454 1137 492 I.
1177 456 1258 494 306.
1297 454 1440 489 Similis
1480 463 1608 491 nostro

198 520 304 555 loeus
333 528 385 556 est
410 521 445 553 in
474 518 631 554 Catonis
658 518 727 552 dir.
756 522 812 558 55.
836 514 961 562 Nigro
986 517 1111 550 multa
1133 520 1234 551 mari
1267 516 1403 550 dicunt
1420 521 1609 563 portenta

195 588 344 623 natare,
369 595 406 615 m
422 586 544 614 ,nstra
573 579 785 622 repentinis
811 579 999 613 terrentia
1021 580 1304 626 saepefiguris‚
1352 592 1441 614 cum
1475 579 1605 615 subito

195 643 553 691 emerserefurenti
577 653 738 689 corpora
757 647 892 685 ponto,
913 643 1084 693 Propert.
1109 641 1180 680 111.
1204 655 1263 680 ει.
1303 654 1346 688 ‘27
1381 643 1485 677 Itala
1519 653 1612 688 por-

198 708 314 741 tentis
340 719 406 740 nec
433 705 546 753 furit
578 705 683 737 unda
707 705 831 738 novis.
862 704 1053 739 Horatium
1079 712 1224 740 secutus
1247 704 1373 740 Valer.
1399 703 1524 739 Flacc.
1564 703 1610 738 V.

203 771 287 812 483,
314 770 376 802 cui
399 780 475 801 non
490 770 600 812 jusso
624 773 683 800 tot
715 766 823 800 adire
849 766 1026 812 voluptas
1053 771 1228 800 monstra
1269 768 1418 800 maris?
1468 765 1610 798 Oceani

202 836 380 865 monstra
417 832 557 880 pariter
591 829 757 866 Juvenal.
782 829 886 865 xlv.
923 832 1006 867 233.
1058 829 1255 875 Neptunia
1289 834 1465 862 monstra
1505 828 1614 862 Clau-

205 893 305 926 dian·
330 892 377 926 de
402 890 506 927 laud.
533 891 612 926 Ser.
643 901 709 934 129
735 889 925 935 naufraga
959 896 1135 926 monstra
1173 891 1219 927 de
1257 891 1411 940 Scylla,
1452 889 1604 925 canibus

202 956 393 989 succincta
416 953 530 989 Ovid.
555 953 657 988 Fast.
683 951 748 989 IV.
772 960 854 994 500-
875 953 957 987 Jam
981 943 1187 990 belluaram
1226 955 1376 989 istarum
1401 954 1603 1003 adspectus

202 1029 286 1051 cum
313 1029 377 1066 per
405 1029 443 1052 se
468 1023 522 1051 est
551 1015 746 1056 terribilis,
775 1029 806 1050 v.
834 1016 904 1051 111.
930 1026 987 1060 27.
1012 1017 1069 1052 26.
1101 1025 1178 1051 tum
1200 1025 1353 1064 augetur
1382 1018 1451 1051 iste
1483 1024 1608 1050 terror

203 1077 321 1129 quod,
343 1076 406 1110 ubi
431 1077 666 1126 superficiem
686 1079 796 1112 maris
822 1084 966 1125 petunt,
992 1079 1246 1114 imminentem
1268 1085 1530 1126 tempestatem
1543 1089 1611 1112 eae

203 1138 427 1184 significant.
477 1137 591 1183 Quod
619 1147 654 1174 et
682 1139 928 1187 scriptoribus
950 1140 1149 1175 itinerariis
1173 1140 1410 1176 observatum
1444 1140 1614 1174 memini·

202 1197 312 1235 Mare
337 1198 424 1234 vero
448 1201 756 1243 mediteraneum,
786 1202 885 1252 quod
905 1201 1066 1249 Virgilio
1093 1216 1187 1239 nunc
1217 1201 1480 1250 trajiciendum·
1516 1207 1614 1249 erat,

208 1265 254 1297 iis
283 1276 390 1314 quam
413 1265 573 1299 maxime
601 1263 856 1315 frequentari,
896 1278 917 1299 e
951 1264 1225 1300 recentioribus
1269 1269 1425 1299 testatur
1464 1275 1613 1313 quoque

207 1325 444 1361 Chandlerus
473 1328 509 1361 in
535 1325 789 1375 descriptione
817 1327 961 1361 itineris
985 1329 1019 1361 in
1046 1329 1176 1362 Asiam
1215 1328 1396 1361 minorem
1435 1340 1470 1376 p.
1511 1336 1545 1367 3.
1569 1343 1618 1353 --

204 1400 316 1422 mare
351 1389 581 1434 turgidum,
616 1402 671 1426 sc.
702 1387 888 1430 fluctibus,
917 1386 1105 1422 θάλασσαν
1133 1387 1334 1422 οἰδαίνουσαν
1355 1415 1365 1431 ,
1393 1396 1619 1436 tempestuo-

207 1464 303 1494 sum,
342 1465 378 1487 v.
405 1449 514 1486 Obss.
539 1469 584 1478 —
609 1461 666 1486 20.
707 1450 894 1485 Ceraunia
932 1450 988 1485 vel
1027 1447 1332 1492 Acroceraunio,
1368 1451 1421 1484 τέ’
1446 1448 1619 1494 Κεραύνια

207 1507 280 1557 ὄρη,
304 1521 446 1548 montes
471 1515 506 1548 in
527 1512 784 1549 Hadriaticum
815 1523 850 1549 et
872 1514 1018 1549 Ionium
1044 1526 1144 1549 mare
1175 1515 1235 1548 siti
1253 1513 1408 1558 (Strabo
1432 1511 1616 1551 Vll-488·

205 1574 361 1612 Pausan.
385 1574 432 1608 V.
460 1574 560 1615 22.);
587 1577 649 1624 qu'i
677 1576 772 1610 adeo
799 1577 1000 1611 Graeciam
1024 1575 1071 1611 ab
1099 1575 1207 1611 Italia
1230 1576 1450 1625 petentibus
1478 1576 1514 1609 in
1530 1587 1622 1609 con-

203 1644 372 1684 spectum
393 1634 598 1670 veniebant.
650 1634 743 1670 Cum
767 1635 917 1670 delectu
941 1638 1055 1682 igitur
1087 1637 1150 1670 hic
1177 1640 1305 1687 positi,
1334 1646 1507 1687 respectu
1539 1637 1623 1670 Vir·

208 1696 304 1743 gllii,
332 1696 495 1731 Athenas
532 1698 705 1746 petentis.
757 1696 930 1743 Infiimes
963 1697 1158 1742 scopulos,
1196 1698 1428 1741 δυτωνύμους,
1466 1705 1618 1747 propter

208 1757 484 1804 naufragiorum
510 1760 557 1793 ad
585 1772 649 1795 eos
675 1759 854 1794 factorum
878 1758 1142 1810 frequentiam.
1173 1760 1235 1794 Sic
1261 1758 1406 1794 Seneca
1425 1759 1613 1808 Ep.X1V.

209 1819 427 1866 Charybdis
451 1816 649 1865 regionem
678 1830 781 1855 vocat
812 1819 1021 1854 vorticibus
1046 1821 1252 1864 infamem,
1286 1820 1379 1855 Stat.
1407 1821 1617 1858 Theb.111.

210 1891 296 1916 121.
324 1883 514 1926 scopulos.
536 1894 627 1934 quos
649 1882 791 1932 Sphinx
817 1883 1018 1925 insederat,
1045 1883 1225 1930 infames,
1254 1891 1289 1919 et
1319 1882 1446 1918 Theb.
1480 1881 1510 1917 Ι.
1538 1893 1619 1925 333.

204 1948 341 1989 petras
367 1942 524 1978 Scirone
546 1943 724 1994 infames,
745 1958 834 1997 quas
859 1947 1009 1981 easdem
1032 1945 1174 1981 Seneca
1197 1945 1352 1996 Hippol.
1383 1945 1486 1982 1023·
1508 1944 1622 1978 seele-

211 2018 253 2039 re
277 2006 423 2041 nobiles
456 2016 577 2043 vocat.

304 2082 338 2104 v.
369 2079 427 2104 21.
452 2082 530 2116 sqq.
559 2071 639 2106 Non
663 2070 784 2107 soluni
822 2071 939 2107 audax
962 2073 992 2107 is
1016 2080 1110 2116 erat,
1137 2071 1204 2108 sed
1228 2073 1340 2111 etiem
1375 2070 1523 2117 impius,
1555 2081 1620 2103 na-

210 2140 312 2168 turae
345 2132 450 2180 leges
477 2135 745 2183 pervertendo.
797 2133 1080 2170 consideranda
1102 2135 1196 2169 haee
1219 2146 1261 2169 ex
1302 2134 1512 2183 priscorum
1555 2131 1618 2165 ho·

211 2194 351 2228 minum
374 2195 632 2243 simplicitate,
660 2209 731 2247 qua
767 2209 809 2230 ea
849 2195 953 2237 fere,
991 2209 1102 2247 quae,
1137 2195 1264 2246 paullo
1304 2192 1518 2230 difficiliora
1557 2191 1619 2228 atl-

211 2269 356 2303 gressu,
385 2258 562 2291 humanas
587 2259 683 2293 vires
707 2270 822 2306 paene
847 2258 1027 2294 excedere
1053 2257 1269 2293 viderentur
1287 2285 1297 2300 ‚
1332 2256 1537 2309 quibusque
1574 2269 1616 2289 Se

212 2329 322 2366 supra
356 2325 495 2352 sortem
521 2331 622 2353 snam
651 2316 784 2354 efferre
812 2327 1049 2362 conarentur,
1083 2321 1209 2355 invitis
1237 2321 1317 2354 Diis
1338 2326 1508 2368 suscepta
1539 2329 1618 2352 cre·

213 2378 360 2422 deterit,
382 2388 492 2430 atque
519 2381 613 2416 adeo
643 2381 851 2418 istiusmodi
877 2392 1029 2417 conatus
1051 2383 1085 2416 in
1125 2384 1250 2417 vetitis
1279 2381 1474 2417 haberent.
1521 2379 1619 2414 Hine

218 2449 254 2476 et
281 2441 551 2491 impedimenta
574 2457 594 2478 a
618 2445 701 2478 Diis
728 2445 884 2493 sapienti
920 2443 1079 2493 quodam
1113 2444 1271 2479 consilio
1311 2442 1424 2489 objici
1455 2440 1614 2482 credita,

215 2517 288 2554 quo
312 2505 430 2539 minus
458 2506 594 2552 ingenii
627 2506 775 2541 humani
807 2505 975 2541 sollertia
1001 2506 1048 2540 ad
1071 2519 1114 2540 ea
1142 2513 1337 2555 penetrare
1359 2511 1500 2555 posset,
1522 2517 1615 2554 quae

214 2569 374 2603 maximo
397 2570 545 2618 insuper
577 2569 664 2619 ipsis
700 2570 832 2604 damno
869 2567 991 2603 futuva
1024 2567 1308 2616 praevidissent.
1361 2566 1424 2602 Sic
1461 2579 1614 2608 aurum,

213 2629 313 2681 quod
336 2633 497 2665 omnium
527 2631 706 2667 malorum
736 2634 876 2667 semina
906 2632 1140 2672 contineret,
1180 2634 1282 2663 terra
1321 2626 1545 2668 celabatur,
1580 2636 1615 2664 et

210 2692 265 2725 sic
288 2692 425 2727 melius
448 2698 532 2727 erat
557 2691 679 2726 situm
707 2693 789 2735 (ΙΙΙ.
815 2705 850 2736 3,
877 2701 951 2735 94.)
980 2692 1027 2728 aa
1051 2691 1149 2743 quod
1177 2701 1298 2727 tamen
1319 2703 1390 2736 per
1413 2690 1617 2726 hominum
