1834 3117
753 238 809 248 .-
903 226 953 272 23
1047 240 1102 246 „-

225 345 338 378 rum
412 330 690 377 doctorum
755 344 855 378 non
912 330 1205 379 admodum
1259 332 1505 398 gravibus
1567 335 1634 382 de

225 408 397 458 causis
485 407 745 457 indultum
828 411 1348 463 animadvertissem.
1454 414 1635 462 Sicubi

220 502 401 539 tamen
440 488 726 537 lectionem
751 491 1016 555 aliquam,
1068 490 1311 540 omnibus
1349 497 1632 557 pravitatis

216 569 425 620 indiciis
458 585 772 636 oppressam
793 605 804 625 ‚
834 573 1228 620 exturbandam
1251 571 1491 635 juberent
1505 576 1633 622 artis

217 650 438 698 criticae
471 650 690 717 regulae
711 689 724 711 .‚
764 661 816 699 et
853 651 921 699 ab
961 651 1140 715 aliquo
1169 652 1326 699 docto
1353 653 1471 701 viro
1500 655 1631 701 satis

212 728 495 796 probabile
526 731 823 779 medicinae
849 730 1273 796 experimentum
1299 732 1500 781 factum
1539 733 1630 780 de-

213 810 631 876 prehenderem,
669 810 837 876 hanc,
864 811 1278 860 reclamantibus
1307 814 1431 861 licet
1463 815 1628 861 omni-

212 890 309 937 bus
371 889 547 948 libris,
598 901 794 956 poetae
851 891 1147 940 admovere
1203 908 1308 939 non
1368 891 1625 942 dubitavi.

213 970 387 1018 Multo
427 972 599 1037 magis
637 970 764 1019 mihi
816 972 976 1020 licere
1016 974 1205 1037 putavi
1241 974 1292 1019 in
1346 974 1627 1039 interpun-

209 1051 388 1099 ctione
431 1050 707 1108 facienda‚
754 1069 891 1116 quae
938 1052 1155 1117 quidem
1192 1052 1432 1102 exactius
1482 1054 1627 1101 insti.

209 1139 321 1178 tuta
356 1132 458 1178 dici
500 1134 595 1179 vix
633 1141 838 1195 potest,
879 1141 1133 1196 quantum
1167 1133 1389 1181 subinde
1426 1134 1496 1181 ad
1535 1150 1627 1181 ex·

207 1209 536 1274 pediendam
566 1214 886 1260 sententiam
912 1211 1204 1275 adjumenti
1241 1212 1464 1261 adferat.
1516 1213 1626 1261 Sed

210 1290 276 1337 de
316 1289 396 1337 his
434 1292 667 1338 curatius
715 1291 907 1355 agendi
948 1292 1095 1339 locus
1135 1294 1232 1338 erit
1267 1293 1318 1339 in
1371 1292 1625 1358 singulari

206 1370 530 1423 Volumine,
561 1368 699 1433 quod
734 1370 891 1416 crisin
921 1372 970 1415 in
992 1372 1173 1420 omnia
1213 1368 1419 1418 Horatii
1453 1388 1623 1436 opera
1666 1407 1669 1414 «

204 1449 595 1513 complectetur
615 1483 626 1502 ,
654 1465 816 1513 quam
849 1449 1065 1512 quidem
1102 1457 1154 1497 ut
1183 1450 1342 1513 plane
1373 1449 1442 1498 ab
1463 1455 1623 1500 inter·

201 1530 505 1593 pretatione
543 1530 908 1595 sejungerem‚
947 1528 1183 1595 pluribus
1222 1531 1289 1578 de
1333 1532 1506 1579 causis
1544 1529 1618 1580 in·

203 1610 391 1656 ductus
417 1626 550 1659 sum.
593 1608 811 1656 Praeter
838 1609 978 1656 istud
1005 1617 1126 1657 aute
1140 1627 1205 1665 m,
1234 1621 1288 1659 ut
1315 1611 1481 1660 verbo
1514 1613 1617 1660 sal-

199 1698 308 1737 tem
339 1699 616 1738 externam
644 1690 854 1755 operis,
895 1691 1039 1755 quod
1071 1690 1333 1755 reliquum
1366 1703 1470 1752 est,
1510 1694 1614 1743 for-

198 1786 342 1817 mam
380 1769 643 1830 indicem,
682 1781 966 1835 sequentur
999 1771 1102 1818 duo
1147 1773 1253 1820 alia
1290 1772 1614 1827 Volumina.

196 1866 420 1919 quorum
462 1850 605 1918 prius
636 1852 922 1899 Sermones
953 1861 1004 1899 et
1039 1853 1342 1915 Epistolas,
1387 1854 1613 1918 posteri·

196 1949 255 1982 us
310 1934 497 1979 Artem
532 1971 534 1973 ,
566 1947 683 1979 cum
728 1930 913 1980 Indice
968 1932 1236 1979 uberrimo
1303 1933 1608 1983 continebit„

329 2012 587 2061 Codicum
626 2021 676 2058 et
701 2011 835 2059 Edd.
865 2011 1178 2073 elenchum,
1210 2011 1324 2064 Iani
1375 2015 1609 2062 maxime

194 2097 456 2143 industria
526 2095 899 2140 concinnatum
951 2094 1068 2152 huic
1122 2092 1439 2156 praefationi
1487 2094 1609 2144 sub-

197 2178 414 2242 jungere
480 2171 706 2238 placuit,
768 2176 1003 2237 satisque
1055 2173 1241 2228 habui,
1288 2174 1411 2225 hinc
1457 2178 1607 2232 inde,

194 2257 430 2304 maxime
461 2257 510 2300 in
563 2255 792 2318 antiquis
829 2252 1176 2308 editionibuS,
1215 2271 1248 2302 a
1301 2258 1486 2321 quibus
1533 2260 1608 2306 in·

194 2345 444 2384 structxor
495 2352 664 2388 eram,
713 2334 968 2383 nonnulla
1013 2336 1312 2401 refingere‚
1356 2340 1604 2403 supplere

192 2426 348 2481 atque
387 2418 698 2466 emendare:
751 2416 893 2480 quod
944 2418 1116 2481 ipsum
1160 2417 1289 2467 mihi
1340 2418 1604 2466 interdum

189 2498 322 2547 satis
361 2501 643 2548 molestiae
671 2501 871 2553 attulit3
911 2514 1231 2562 quamquam
1265 2499 1351 2547 vel
1380 2500 1457 2546 sic
1496 2496 1602 2544 Ho-

187 2580 384 2630 ratiani
413 2589 591 2629 textus
619 2578 920 2628 Historiam
960 2579 1178 2626 minime
1217 2580 1285 2626 acl
1337 2577 1600 2642 liquidum

186 2663 505 2728 perductam
549 2678 666 2711 esse
701 2664 816 2728 ipse
854 2659 1023 2727 probe
1063 2658 1383 2725 intelligam.
1454 2659 1597 2706 Tum

188 2746 360 2793 vitam
397 2754 619 2811 poetae,
655 2759 690 2790 a
730 2743 988 2791 Massono
1031 2741 1213 2809 ampla
1249 2742 1489 2790 doctrina
1522 2743 1593 2800 in-³
1652 2768 1654 2770 v
