1779 3085
640 337 1125 385 Adnotationes.

281 478 315 502 v.
344 475 360 500 1
383 480 429 490 -
455 467 490 503 8·
530 460 724 497 Sententia
757 461 916 508 vulgaris
947 469 1047 498 erat:
1077 461 1221 510 Pauper
1251 475 1317 510 ego
1344 473 1445 506 sum,
1483 470 1518 498 et
1545 465 1581 498 in

188 528 256 564 hac
293 531 510 576 paupertate
533 522 624 557 mihi
662 521 862 558 admodum
884 523 1030 572 placeo,
1057 522 1208 558 divitias
1242 537 1359 575 neque
1384 525 1582 571 possideo,

184 603 304 641 neque
339 586 530 623 desidero.
583 585 832 622 ornatissime
869 587 966 622 hanc
996 585 1216 636 specialium
1242 588 1428 622 notionum
1456 590 1586 638 copia.

184 655 302 704 iisque
326 650 510 690 maxime,
536 650 598 699 qui
621 647 809 698 perditum
831 650 963 684 aetatis
989 661 1074 684 suae
1102 647 1223 682 luxum
1246 647 1452 691 referrent,
1482 651 1586 700 colo-

185 714 286 750 ribus
317 708 547 746 adumbravit
582 717 705 759 poeta.
767 709 893 745 Primo
929 709 1013 746 loco
1053 718 1388 745 commemorantur
1418 711 1588 747 aedilicia

185 773 405 825 splendida3
432 771 682 822 specialisque
703 771 798 807 haec
820 771 1033 807 divitiarum
1057 773 1163 808 notio
1181 770 1432 821 descriptione
1458 774 1587 808 talium

182 838 331 875 aedium
356 849 422 887 per
447 841 571 885 partes
592 835 759 869 instituta
781 834 976 882 insigniter
1000 841 1211 869 exornatur.
1240 845 1274 870 1.
1303 834 1344 869 In
1375 834 1486 870 domo
1507 848 1588 871 mea

183 899 277 935 nihil
294 899 522 949 pretiosum,
558 893 658 947 quod
685 894 814 930 oculos
849 895 1122 944 praestringat,
1161 906 1280 945 neque
1308 894 1432 932 eboris
1467 908 1589 944 neque

183 961 260 997 ulla
291 961 368 996 auri
402 958 561 1002 lamina,
601 958 852 1007 conspicitur,
901 964 968 992 est.
1029 957 1260 1008 Exquisitior
1291 965 1412 993 autem
1443 956 1592 999 forma,

186 1024 298 1064 ebur,
332 1032 470 1056 aurum
495 1019 644 1054 renidet
671 1021 712 1053 in
731 1018 845 1054 domo
862 1046 871 1062 ,
897 1018 1040 1062 altera,
1076 1019 1214 1057 domus
1240 1019 1403 1059 renidet,
1427 1020 1592 1068 resplen·

184 1087 247 1122 det
273 1084 396 1125 ebore,
417 1093 534 1126 auro,
559 1095 630 1133 qua
654 1095 739 1118 usus
771 1091 825 1118 est
849 1083 1124 1131 Bacchylides,
1150 1087 1253 1132 cujus
1264 1082 1391 1119 locum
1409 1084 1445 1119 in
1468 1085 1592 1118 animo

185 1146 282 1183 forte
306 1144 434 1180 habuit
459 1143 496 1177 h.
523 1143 547 1180 l.
574 1143 749 1178 Horatius
769 1157 802 1179 c.
829 1144 894 1178 XI.
912 1156 969 1183 ιι.
987 1153 1042 1179 12.
1065 1144 1193 1189 (Anal.
1212 1144 1273 1182 Br.
1288 1145 1318 1180 1.
1335 1146 1438 1190 151.)
1461 1145 1591 1194 Χρυσῷ

183 1205 211 1244 δ’
233 1203 405 1245 ἐλέφαντι
431 1219 468 1240 τε
492 1208 751 1257 ψρμαίρουσιν
772 1206 882 1249 ustor,
921 1214 958 1244 et
996 1207 1148 1244 Lucret.
1186 1208 1235 1245 II.
1259 1217 1318 1253 27.
1346 1207 1425 1241 Nee
1448 1194 1591 1242 domur

185 1275 350 1318 argento
362 1267 522 1316 fulget,
558 1279 727 1316 auroque
756 1270 922 1304 reniden-
968 1271 1063 1306 Nam
1084 1269 1256 1304 renidere
1283 1272 1434 1321 proprie
1451 1269 1499 1307 de
1524 1270 1593 1306 ful-

185 1345 273 1381 gore
310 1343 524 1381 repercusso
560 1330 634 1366 vid.
681 1330 729 1367 ad
754 1331 802 1366 11.
835 1340 870 1372 5.
922 1342 977 1375 19.
1013 1331 1094 1368 Jam
1126 1329 1219 1366 ebur
1258 1330 1446 1368 veteribus
1481 1345 1593 1368 exor-

183 1393 328 1430 nandae
353 1392 478 1428 domui
502 1394 601 1429 varie
630 1393 873 1430 inserviebat.
921 1393 1015 1429 Nam
1043 1403 1078 1430 et
1099 1403 1248 1446 postem,
1277 1396 1462 1445 parietes,
1490 1397 1594 1445 pavi-

187 1464 312 1492 menta
347 1462 383 1490 et
413 1456 507 1489 varii
536 1457 684 1503 generis
717 1455 908 1506 supellex,
946 1457 1086 1501 sellae,
1129 1469 1215 1493 vasa
1249 1466 1320 1494 cet.
1344 1458 1414 1493 isto
1439 1456 1594 1494 inducta

189 1516 247 1553 vel
276 1518 371 1552 adeo
405 1528 448 1552 ex
484 1530 528 1553 eo
566 1517 692 1554 dolata
730 1525 855 1559 erant3
906 1532 999 1569 quae
1029 1520 1235 1566 generatim
1279 1528 1392 1569 poeta.
1417 1521 1468 1556 ita
1497 1533 1598 1556 com-

184 1579 378 1630 plectitur.
425 1579 568 1631 ·Neque
615 1581 748 1618 tamen*
785 1582 943 1618 Acronis
997 1588 1034 1618 et
1080 1581 1210 1619 Schol-
1259 1582 1372 1634 Cruq.
1409 1584 1593 1618 rationem

183 1655 266 1678 eum
301 1639 523 1693 quibusdum
550 1641 660 1692 plane
697 1642 967 1689 aspernandam
1010 1643 1202 1687 duxerim,
1241 1657 1314 1696 qua
1345 1644 1436 1679 ebur
1462 1650 1500 1679 et
1524 1657 1592 1680 au-

187 1715 296 1740 reum
331 1703 489 1738 lacunar
515 1716 598 1741 esse
634 1704 764 1740 volunt
795 1718 890 1754 pro,
937 1703 1141 1739 eburneum
1173 1712 1210 1740 et
1238 1717 1390 1741 aureum
1416 1705 1592 1750 lacunar,

187 1780 279 1818 quae
313 1766 401 1800 satis
437 1765 548 1800 docta
581 1774 692 1814 atque
729 1765 897 1813 adposita
933 1764 972 1800 h.
1008 1763 1034 1800 l.
1072 1764 1246 1807 videtur,
1292 1779 1374 1802 cum
1415 1781 1486 1803 non
1518 1770 1596 1803 nisi

188 1889 278 1926 ebur
314 1889 426 1924 etiam
462 1887 677 1923 adhibitum
709 1887 833 1923 fuerit.
892 1887 1025 1925 Senec.
1060 1887 1218 1938 Thyest.
1253 1889 1335 1934 457.
1364 1889 1442 1924 Nec
1462 1888 1594 1936 fulget

187 1950 279 1985 altis
304 1948 550 1996 splendidum
575 1948 687 1983 tectis
713 1949 817 1983 ebur.
874 1948 997 1984 Etiam
1035 1948 1168 1986 Cicero
1207 1963 1424 1987 marmorea
1459 1957 1592 1996 tecta,

190 2013 224 2047 h.
248 2011 441 2046 marmoris
465 2013 603 2046 crustis
626 2018 780 2054 ornata,
805 2009 913 2044 ebore
934 2015 974 2044 et
997 2023 1090 2047 auro
1107 2012 1309 2059 fulgentia
1330 2023 1508 2050 memorat
1529 2015 1596 2049 Pa.

191 2074 268 2111 rad,
300 2073 328 2108 1.
356 2073 392 2117 4,
424 2091 470 2099 —
503 2071 684 2106 Lacunar
709 2083 894 2114 aureum,
935 2085 1024 2107 auro
1054 2071 1266 2116 inductum,
1305 2074 1595 2113 conde-ceratum.

191 2151 224 2172 v.
250 2135 297 2171 ad
318 2134 364 2170 ΙΙ.
389 2134 443 2166 16.
468 2142 524 2167 11.
547 2150 593 2159 --
616 2141 652 2173 3.
674 2136 710 2178 4.
731 2133 808 2169 Nec
828 2132 1012 2168 columnis
1041 2137 1256 2172 marmoreis
1279 2136 1412 2173 domus
1437 2140 1593 2176 instruc-

191 2207 225 2232 τε
253 2204 332 2237 est,
368 2194 489 2230 nullas
525 2195 735 2241 porticuum
760 2186 1060 2242 contignationes
1086 2195 1211 2233 habet.
1236 2198 1341 2244 Jam,
1378 2214 1450 2252 quo
1476 2205 1594 2248 magis

191 2258 299 2307 hujus
320 2256 425 2291 luxus
458 2256 602 2291 insania
634 2254 851 2305 adpareret,
886 2258 1154 2305 pretiosissima
1173 2285 1184 2304 ‚
1217 2274 1385 2311 quaeque
1410 2262 1497 2299 ideo
1518 2265 1594 2301 Ro·

193 2320 310 2356 manis
329 2320 487 2354 maxime
510 2319 545 2352 in
565 2314 715 2353 deliciis
749 2324 894 2360 essent,
933 2330 1155 2356 marmorum
1179 2333 1318 2367 genera
1344 2325 1451 2373 ponit
1470 2334 1593 2373 poeta.

201 2379 339 2417 Trabes
365 2381 403 2418 h.
430 2380 456 2416 l.
481 2381 694 2430 superiores
712 2378 902 2415 columnae
927 2387 1077 2430 partes,
1111 2383 1352 2432 epistylium,
1390 2387 1593 2436 zophorum

196 2452 232 2480 et
273 2456 476 2483 coronam,
512 2439 793 2475 trabeationem
826 2441 1051 2491 simpliciter
1086 2441 1246 2487 dictam,
1281 2446 1594 2496 complectuntur.

200 2505 312 2540 Erant
334 2515 400 2541 eae
416 2504 497 2540 fere
517 2503 663 2551 ligneae
678 2528 690 2545 ,
716 2514 829 2543 auro,
856 2502 1013 2545 (Lucan.
1027 2504 1072 2540 Χ.
1095 2515 1170 2548 114.
1196 2517 1443 2555 crassumque
1465 2502 1594 2544 trabes

196 2565 445 2602 absconderas
469 2565 643 2606 aurum.)
669 2562 883 2612 anoglypho
906 2578 1032 2615 opere,
1052 2569 1208 2605 maxime
1233 2570 1443 2606 animalium
1473 2573 1594 2623 sculp-

199 2631 285 2665 turis
315 2628 437 2672 (unde
464 2633 502 2662 et
533 2625 688 2676 zophori
724 2623 928 2674 adpellatio
957 2625 1158 2664 derivatur.
1191 2642 1224 2666 v,
1255 2632 1397 2669 Vitruv.
1430 2633 1499 2668 111.
1528 2630 1594 2680 2.)

200 2691 358 2743 aliisque
393 2687 516 2725 modis
543 2686 830 2723 condecorata&
855 2684 930 2724 Sed
957 2697 995 2744 et
1023 2689 1188 2740 lapideas
1211 2706 1254 2728 ac
1278 2685 1505 2731 marmoreas
1531 2704 1594 2732 ea!

263 2757 303 2803 Ι.
342 2755 483 2803 Ἑαηδ.
682 2762 683 2765 ’
1255 2759 1293 2802 Y
1312 2776 1340 2820 y
