1779 3085
668 230 725 239 .-
813 207 899 263 705
984 225 1046 238 ‚-

169 331 279 366 tuisse
297 351 306 368 ‚
343 325 399 359 vel
423 336 470 361 ex
490 323 526 359 h.
552 321 577 357 l.
613 323 778 358 discitur.
815 320 874 357 Cf.
912 318 1040 356 Bentl.
1060 318 1097 352 h.
1117 316 1142 350 l.
1171 313 1307 349 Trabes
1326 313 1552 358 Hymettiae

170 391 263 427 adeo
287 395 395 428 sunt,
422 400 440 421 e
464 397 643 420 marmore
668 384 858 432 Hymetti,
888 383 1035 417 Atticae
1053 379 1204 420 montis,
1230 378 1392 412 excisae.
1426 377 1482 412 De
1504 387 1551 412 eo

171 448 305 487 Strabo
340 446 402 481 IX.
432 460 473 495 p.
516 446 598 487 613.
634 441 825 489 μαρμάρου
867 441 897 477 δ’
935 440 1012 477 ἐστι’
1037 437 1095 480 τῆς
1131 451 1169 471 τε
1199 434 1406 478 ‘Tumulus
1439 436 1464 486 ὲ
1492 435 1552 476 τῆς

171 506 379 547 Πεντελικῆς
412 504 591 540 κάλλιστα
636 503 808 548 μέταλλα
834 502 991 544 πλησιόνζ
1015 501 1072 540 τῆς
1106 499 1253 532 πόλεως.
1291 496 1338 530 L.
1370 495 1551 531 Crassum

163 571 336 618 primum
368 568 564 602 columnas
593 565 768 600 habuisse
799 562 1021 609 Hymettias
1050 558 1164 597 tradit
1193 559 1290 595 Plin.
1318 556 1485 594 XXXVI.
1516 559 1553 594 3.

167 632 400 682 eundemque
432 642 453 664 a
478 629 546 664 Cn.
574 626 761 668 Domitio,
794 624 938 671 collega
965 637 1056 666 suo,
1094 622 1254 669 graviter
1289 627 1453 655 notatum
1479 632 1556 656 me·

164 702 283 730 morat
314 691 440 727 Valet.
470 690 571 724 Max.
604 688 669 725 IX.
700 700 731 722 1.
768 685 864 721 unde
890 687 926 720 in
957 685 1114 719 maximo
1144 681 1238 717 illud
1262 681 1385 730 pretio
1408 680 1553 723 fuisse,

163 755 278 792 facile
311 752 545 797 intelligitur.
601 746 835 783 Thebaicum
868 745 968 781 idem
1004 752 1044 778 et
1084 743 1290 779 Achaicum
1321 739 1553 786 adpellatum

167 828 272 854 esse,
307 811 453 846 tradunt
489 806 617 842 Schot.
648 806 697 841 ad
730 808 768 842 h.
800 805 826 839 1.
861 804 962 847 Alii,
1000 805 1061 855 qui
1094 802 1190 839 forte
1228 801 1354 838 trabes
1385 801 1552 852 lapideas

163 888 290 927 parum
313 879 412 907 recte
435 869 512 904 dici
544 872 582 903 in
609 869 770 902 animum
790 865 864 901 sibi
884 865 1134 904 induxissent,
1163 864 1209 900 de
1233 864 1334 911 ligno
1359 863 1568 913 Hymettio,

162 940 406 983 acceperunt,
441 930 487 965 de
521 932 623 978 cujus
653 935 774 962 tamen
809 927 930 974 pretio
962 925 1057 959 nihil
1078 923 1228 960 aliunde
1261 932 1415 961 constat.
1440 944 1488 951 —-
1515 927 1551 969 4.

158 999 367 1043 premunt,
409 992 602 1040 impositae
636 996 742 1028 sunt,
787 984 999 1022 incumbunt
1043 985 1251 1026 columnis·‚
1286 987 1476 1034 graphice.
1507 1003 1553 1014 —·

163 1057 285 1092 recisa
314 1054 452 1088 ultima
475 1051 645 1100 affrica,
676 1049 722 1085 de
745 1061 925 1084 marmore
958 1047 1167 1083 Numidico.
1214 1046 1368 1098 Proprie
1395 1059 1553 1083 marmor

163 1116 349 1153 reciditur
382 1114 468 1149 dum
501 1125 545 1148 ex
579 1112 679 1147 omni
717 1118 822 1161 parte
858 1110 1064 1150 acciditur,
1109 1117 1146 1146 et
1179 1110 1385 1160 expolitur,
1434 1108 1553 1144 donec

161 1183 357 1216 columnae
390 1175 550 1211 formam
586 1172 720 1208 induit.
770 1171 868 1207 Hinc
899 1171 1006 1207 docte
1043 1173 1143 1221 ipsae
1180 1172 1377 1206 columnae
1411 1171 1552 1205 recisae

159 1242 346 1277 dicuntur.
401 1236 596 1271 Ultimum
634 1232 817 1282 Africam
842 1232 941 1274 *dixit
959 1239 1069 1282 poeta
1104 1233 1324 1280 simpliciter
1349 1241 1551 1275 remotam,

162 1305 274 1348 longe
297 1300 461 1335 dissitam
482 1322 493 1341 ‚
513 1305 550 1333 ut
570 1295 730 1331 ultimos
758 1294 921 1329 Gelonos
941 1293 992 1329 ΙΙ.
1011 1298 1136 1334 20.18.
1159 1295 1320 1330 ultimos
1336 1293 1551 1329 Britannos

162 1366 194 1401 1.
217 1375 274 1409 35.
298 1373 356 1406 29.
391 1359 574 1395 ultimam
594 1357 823 1404 Hesperiam
856 1358 885 1393 Ι.
903 1358 961 1393 36.
991 1365 1027 1398 4.
1053 1357 1178 1393 Potest
1199 1366 1238 1406 et
1257 1371 1360 1394 esse:
1395 1356 1550 1392 ultimae

162 1426 313 1461 Africae
336 1435 443 1472 pars,
481 1432 574 1472 quae
605 1432 657 1456 sc.
684 1419 862 1454 Romanis
889 1419 1070 1463 innotuit,
1114 1419 1307 1454 Numidia·
1356 1418 1551 1455 Nobilissi-

161 1501 261 1524 mum
296 1493 418 1521 autem
451 1493 610 1518 marmor
631 1480 890 1522 Numidicum,
926 1482 1147 1529 pavimentis
1171 1485 1328 1517 maxime
1357 1489 1392 1518 et
1416 1482 1553 1517 cotum-

161 1551 244 1594 ³1is‚
281 1547 331 1582 ob
363 1546 563 1587 duritiem,
598 1557 619 1579 a
650 1542 838 1579 veteribus
868 1541 1088 1578 adhibitum.
1152 1543 1194 1578 In
1224 1543 1372 1579 deliciis
1395 1545 1552 1578 maxime

163 1615 244 1646 erat
272 1606 507 1653 subnigram,
544 1612 579 1640 et
611 1604 708 1655 quod
745 1605 857 1640 variis
881 1603 1034 1640 maculis
1063 1604 1274 1639 distinctum
1299 1613 1408 1640 esset.
1454 1603 1553 1640 Vide

159 1672 309 1707 omnino
343 1667 439 1701 Plin.
468 1666 636 1701 XXXVI.
668 1673 704 1705 8.
735 1667 906 1701 Nostrum
943 1665 1064 1702 locum
1095 1665 1191 1700 forte
1215 1667 1251 1700 in
1272 1668 1394 1701 animo
1420 1665 1549 1700 habuit

159 1732 302 1767 Seneca
325 1728 484 1776 Thyest.
523 1727 606 1771 ⁶⁴5·
640 1726 676 1759 in
713 1724 958 1760 describenda
999 1725 1152 1775 Pelopis
1175 1728 1299 1772 regia:
1322 1727 1461 1773 fulget
1486 1726 1550 1760 Izic

159 1791 293 1825 turbae
330 1790 455 1836 capax
475 1786 646 1820 immane
666 1789 812 1820 tectum
830 1811 840 1827 ,
872 1787 978 1829 cujus
1011 1791 1172 1819 auratas
1200 1786 1324 1820 trabes
1349 1787 1468 1820 variis
1493 1800 1549 1822 co-

157 1853 312 1887 lamnae
333 1849 477 1885 nobiles
510 1846 676 1881 maculis
710 1847 775 1889 (h.
811 1847 1227 1894 Numidicae)ferunt.

253 1927 286 1951 v,
315 1924 350 1957 5.
373 1912 407 1947 6.
446 1911 574 1960 Neque
602 1908 814 1952 facultates,
841 1909 991 1960 ,quales
1022 1908 1192 1950 Attalus,
1241 1908 1549 1956 Pergamenorum

160 1989 228 2012 rex
265 1974 452 2024 reliquit,
508 1971 544 2005 h.
592 1972 821 2010 immenam,
882 1969 1126 2018 amplissimas
1171 1969 1362 2018 possideo.
1430 1970 1551 2006 Docte

159 2039 216 2073 sic
239 2037 392 2071 ulterius
426 2032 669 2083 amplificatur
690 2030 898 2070 divitiarum
920 2033 1021 2066 notio
1046 2044 1067 2066 a
1086 2038 1209 2080 poeta.
1258 2034 1301 2066 In
1328 2032 1550 2067 enuntianda

158 2108 283 2135 autem
320 2098 390 2132 hac
420 2095 600 2130 sententia
639 2094 781 2128 colores
817 2094 869 2128 ita
892 2093 1135 2143 temperavit,
1179 2098 1219 2128 ut
1243 2093 1354 2128 simul
1378 2094 1546 2130 homines

161 2161 293 2196 aetatis
326 2168 410 2191 suae
430 2154 718 2204 perstringeret,
766 2155 828 2204 qui
852 2152 960 2188 malis
984 2153 1122 2189 artibus
1146 2153 1397 2199 ditescerent,
1437 2158 1547 2191 maxi-

160 2234 219 2256 me
259 2232 345 2259 eos,
392 2218 452 2268 qui
488 2217 669 2264 corruptis
705 2222 765 2248 aut
799 2215 998 2263 suppositis
1030 2217 1264 2251 testamentis
1289 2215 1332 2249 in
1361 2217 1548 2260 pecunias

156 2278 486 2316 alienissimorum
523 2275 748 2318 hominum,
797 2275 923 2319 ejectis
962 2275 1059 2310 veris
1089 2276 1312 2320 heredibus,
1357 2281 1546 2324 tanquam

158 2340 316 2375 heredes
362 2343 507 2383 essent,
544 2337 786 2382 invaderent,
820 2345 859 2372 ut
906 2337 952 2373 de
990 2338 1151 2375 Antonio
1194 2339 1277 2374 Cic.
1310 2339 1471 2390 Philipp.
1491 2341 1545 2376 11.

159 2403 216 2439 16.
261 2402 340 2437 Jam
383 2412 463 2435 cum
509 2400 735 2447 amplissima
772 2400 995 2448 patrimonia
1036 2399 1180 2435 solenni
1215 2402 1318 2438 istius
1365 2404 1541 2453 temporis

156 2477 259 2499 more
282 2461 396 2498 Attali
421 2460 553 2511 opibus
585 2459 837 2506 designasset,
872 2459 984 2496 facile
1014 2463 1219 2511 exspectari
1244 2470 1409 2513 poterat,
1441 2472 1481 2499 ut
1505 2472 1543 2500 et

159 2526 341 2576 reliquum
367 2524 543 2560 orationis
581 2530 747 2556 ornatum
779 2521 868 2557 inde
901 2530 1098 2572 repeteret.
1147 2523 1219 2559 Pro
1254 2527 1426 2561 maximis
1459 2528 1542 2576 opi-

156 2584 226 2620 bus
253 2584 347 2621 adeo
372 2592 426 2621 est
449 2582 555 2628 regia
580 2580 730 2625 Attali,
766 2584 888 2629 regiae
909 2596 998 2631 opes
1021 2585 1166 2629 Attalt;
1190 2585 1256 2621 has
1277 2589 1461 2631 occupat,
1487 2587 1542 2621 in-

157 2647 289 2691 vadit,
321 2646 484 2689 involat,
504 2643 590 2682 ‘sibi
624 2643 811 2688 vindicat,
845 2644 978 2691 heres,
1015 2653 1187 2698 tanquam
1220 2647 1330 2686 heres
1359 2649 1514 2698 scriptus
1524 2652 1564 2692 ,’

1735 2575 1751 2583 ’Δ
1723 1921 1756 2553 ’Μω-ὶοάῳὶ-’ωώ-ῆκρ-
1742 1832 1755 1902 „ta-,z
1746 1795 1753 1819 ψ
1726 1757 1747 1774 „‘
1743 1737 1749 1742 .

1740 2583 1751 2605 ιε·

1724 1088 1754 1169 ..ἭΑ
