1779 3085
668 243 1039 293 -613...„

145 354 369 392 feminarum
390 351 585 389 concubitu
600 353 674 387 nati
700 355 843 398 esseni)
865 363 964 391 metu
986 354 1133 405 inopiae
1149 380 1159 396 ‚
1188 362 1223 389 et
1246 354 1293 390 ob
1317 362 1441 392 notam
1465 370 1538 393 ma-

148 417 241 452 terni
283 414 435 465 pudoris
471 414 580 453 domo
617 414 779 463 profecti
805 442 815 458 ,
867 416 1090 466 tandemque
1137 417 1172 451 in
1206 415 1351 452 Italiam
1387 417 1502 454 delati
1527 442 1538 460 ,

146 486 325 527 occupata
369 488 453 511 arce
490 474 801 528 Tarentinorum,
847 479 1141 528 expugnatisque
1180 479 1366 513 veteribus
1403 479 1542 516 incolis

141 540 269 575 sedem
308 540 358 574 ibi
382 536 662 572 constituerant.
711 538 840 573 Justin.
869 538 940 575 111.
970 553 1004 581 4.
1027 537 1160 577 Strabo
1186 539 1248 574 VI.
1271 554 1307 590 p.
1333 541 1414 578 425.
1442 541 1541 578 Hinc

147 601 331 634 Galaesus
368 596 697 631 Lacedaemonius
730 598 895 634 Martial.
934 599 984 638 ΙΙ.
1011 603 1070 645 43.
1103 603 1139 638 ὀ.
1168 599 1462 634 Phalanthinus.
1494 601 1541 641 V,

143 671 203 705 37,
234 672 266 697 2.
308 659 599 703 Therapnae-us,
641 660 733 695 Stat.
769 658 861 697 Silv.
887 662 933 696 11.
964 672 997 700 2.
1027 673 1104 698 ιιι.
1139 661 1347 696 Tarentum
1373 663 1542 696 Phalan-

144 724 288 758 theum.
314 720 383 756 Sil.
404 722 448 757 X.
476 723 531 758 16.
968 712 972 715 ι

237 795 271 816 υ.
301 794 356 827 13.
386 793 468 830 sqq·
496 784 572 820 Ista
598 785 688 819 mihi
714 786 816 833 regio
837 799 924 835 prae
947 785 1118 823 omnibus
1150 790 1337 837 (excepto
1369 786 1543 834 Tibure)

143 857 225 879 cum
247 844 298 879 ob
323 845 392 879 soli
418 844 622 883 bonitatem
638 874 648 889 ,
686 854 760 882 turn
793 846 841 883 ob
866 850 992 884 mitem
1019 852 1114 885 aeris
1139 853 1358 899 temperiem
1383 850 1541 888 arridet.
1563 883 1582 891 l

142 906 264 942 Docte
291 914 328 942 et
353 916 481 942 ornate
503 908 595 943 haec
613 921 679 958 per
703 916 824 959 partes
851 909 1054 944 declaravit
1073 918 1195 959 poeta.
1245 909 1375 952 Ridet,
1399 910 1543 947 arridet

141 967 263 1009 mihi,
292 970 391 1017 capit
416 983 474 1004 me
500 970 599 1005 laeta
621 983 665 1005 ac
691 979 795 1017 grata
822 985 885 1006 sua
909 974 1057 1021 speeie,
1087 980 1187 1008 tenet
1210 986 1284 1017 me,
1310 972 1541 1022 placetmihi

143 1029 209 1066 ille
221 1030 387 1076 angulus
414 1035 620 1072 terrarum,
649 1040 768 1067 terrae
798 1034 868 1076 (ita
894 1036 1023 1081 junge)
1049 1047 1228 1075 recessus,
1254 1033 1315 1068 ubi
1341 1034 1543 1086 tranquille

147 1099 183 1126 et
210 1093 245 1125 in
273 1094 348 1125 otio
363 1115 373 1130 ,
398 1102 494 1140 quae
516 1099 614 1125 amat
638 1102 809 1128 senectus
828 1119 838 1134 ,
865 1095 988 1129 vivere
1011 1094 1098 1128 licet
1114 1121 1123 1137 ,
1146 1100 1300 1140 practer
1320 1108 1452 1130 omncs
1471 1106 1541 1130 an-

145 1154 260 1198 gulos
293 1161 318 1187 t.
351 1165 439 1201 prae
471 1152 637 1188 omnibus
677 1163 856 1189 terrm-um
880 1154 1002 1196 locis,
1032 1155 1095 1190 ubi
1122 1156 1293 1192 desidere
1317 1158 1449 1208 volupe
1471 1166 1542 1194 est.

150 1217 288 1260 Augeri
327 1216 381 1248 sic
412 1217 599 1266 magisque
634 1219 901 1266 repraesentari
927 1217 1152 1253 Tarentinae
1190 1219 1350 1266 regionis
1386 1222 1543 1267 gratiam

153 1289 195 1311 ac
232 1284 482 1319 venustatem,
514 1290 621 1330 quam
645 1281 675 1313 si
699 1279 923 1329 simpliciter
957 1287 1113 1325 praeter
1136 1291 1270 1316 omnes
1293 1285 1416 1316 terras
1437 1282 1545 1319 intel·

145 1338 260 1384 ligus,
297 1338 408 1374 facile
443 1343 681 1390 perspicitur.
742 1341 799 1376 Ad
838 1355 915 1376 rem
951 1343 1046 1392 Epp.
1084 1343 1114 1378 I.
1149 1357 1182 1386 7.
1218 1345 1278 1389 44.
1336 1344 1437 1378 mihi
1461 1345 1545 1385 jam

110 1416 114 1420 ·
148 1411 221 1434 tlon
245 1400 355 1446 regia
380 1399 527 1443 Roma,
558 1403 628 1437 secl
648 1415 814 1445 vacuum
840 1403 954 1439 Tibur
976 1406 1104 1450 placet
1129 1413 1196 1439 aut
1219 1404 1372 1440 imbelle
1403 1406 1545 1440 Turen-

149 1467 244 1496 1um.
297 1464 482 1511 An‘gulum
508 1475 628 1500 terrae
645 1466 911 1516 Neapolitanae
939 1465 1112 1502 similiter
1139 1468 1308 1515 designat
1332 1468 1422 1503 Stat.
1449 1467 1546 1503 Silv.

150 1523 212 1558 IV.
247 1528 279 1558 8.
305 1525 340 1561 6.
370 1539 438 1574 per
464 1532 647 1560 secretam
668 1526 886 1574 Neapolc‘n3
926 1530 1004 1563 istis
1031 1530 1128 1564 enim
1156 1540 1242 1573 pax
1266 1540 1394 1563 secura
1421 1530 1544 1582 locis,

143 1584 341 1618 art-desidis
359 1587 441 1621 otia
461 1587 577 1631 vitae,
604 1592 641 1621 et
659 1600 857 1636 nunquam
870 1589 1027 1623 turbata
1051 1590 1155 1636 quies
1169 1590 1368 1637 somnique
1379 1591 1543 1639 peracti,

147 1654 183 1681 ut
218 1646 263 1682 de
296 1647 425 1684 eadem
459 1651 610 1697 regione
639 1650 734 1688 silv.
761 1651 830 1685 III.
865 1661 899 1692 5.
937 1655 992 1693 85.
1023 1661 1153 1703 estque
1178 1653 1272 1687 forte
1299 1665 1347 1687 ex
1370 1655 1546 1689 imitatio-

141 1722 185 1744 ne
234 1709 372 1745 Lucan.
419 1709 464 1747 V.
510 1712 592 1751 376.
650 1712 924 1759 Antiquusque
969 1713 1111 1754 Taras,
1163 1718 1382 1759 secretaque
1421 1713 1543 1748 litora

148 1771 307 1806 Leucae.
368 1773 449 1807 Nisi
492 1771 544 1807 ibi
581 1780 725 1807 secreta
772 1774 841 1808 soli
877 1772 1032 1808 debetur
1080 1774 1223 1808 ornatui
1265 1775 1424 1821 poetico.
1486 1775 1542 1809 En

144 1846 311 1867 versum:
347 1832 424 1866 Nec
442 1834 706 1879 solumfi’stas
731 1837 876 1867 secreta
898 1832 1082 1879 Neapolis
1111 1845 1198 1867 aras
1224 1832 1400 1872 ambiat‚·
1425 1841 1462 1869 et
1485 1847 1545 1869 so-

144 1893 196 1926 cii
213 1898 350 1940 portus
377 1883 449 1928 eet.
482 1894 552 1929 hoc
572 1907 697 1929 sensu:
737 1895 817 1929 Nec
845 1894 1021 1942 Neapolis
1047 1893 1165 1930 solum
1191 1903 1334 1931 secreta
1359 1894 1406 1930 ab
1431 1895 1542 1943 aliis,

145 1955 180 1990 h.
211 1969 280 1990 non
311 1955 389 1989 sola
410 1965 550 1989 sacrum
574 1963 678 2003 paret
697 1983 705 1997 ‚
735 1954 862 1990 sedet
891 1963 1017 2004 portus
1043 1964 1115 1992 oet.
1143 1958 1177 1991 in
1206 1958 1419 1993 societatem
1446 1960 1542 1993 sacri

147 2017 252 2063 hujus
297 2017 459 2051 veniant.
518 2017 741 2065 Depravavit
781 2016 900 2052 locum
936 2015 1101 2060 Marlzl„
1139 2019 1384 2066 corrigendo,
1423 2020 1545 2055 laeta-

148 2084 189 2112 ta
226 2077 415 2127 Neapolis.
451 2094 496 2102 —
533 2087 588 2117 14·
635 2076 750 2123 Cujus
777 2077 848 2113 mel
876 2080 1232 2126 praestantissimum
1256 2077 1434 2123 habetur,
1472 2090 1544 2119 est.

152 2139 230 2175 Mel
254 2139 495 2174 Tarentinum
516 2149 594 2173 non
613 2137 762 2172 decedit
785 2138 994 2184 Hymetto,
1020 2138 1057 2176 h.
1080 2140 1183 2175 nielli
1205 2139 1423 2191 Hymettio,
1449 2143 1545 2179 Atti.

148 2214 220 2242 co,
255 2203 416 2236 suaviter
452 2212 548 2250 pro,
589 2200 756 2245 ejusdem
794 2209 848 2235 est
874 2209 1006 2244 notae,
1042 2200 1241 2244 bonitatis,
1267 2218 1338 2239 nor.
1369 2204 1544 2242 inferiore

148 2261 358 2298 habendum
380 2271 434 2298 est
457 2262 555 2298 loco.
602 2262 838 2296 Dec-edimus
864 2265 975 2306 enini,
997 2263 1244 2311 adsurgimus
1272 2267 1329 2308 iis,
1352 2268 1413 2318 qui
1439 2266 1545 2307 nobi·

148 2325 311 2367 honore,
339 2325 544 2371 dignitate,
573 2326 945 2373 meritis*‘superiores
967 2335 1063 2362 sunt.
1115 2325 1312 2363 Simillime
1338 2328 1442 2375 Virg·
1470 2330 1542 2365 Ge.

150 2387 198 2422 11.
228 2395 286 2431 97.
316 2386 531 2420 Aminneae
563 2385 684 2429 vites,
707 2384 947 2431 firmissima
972 2386 1086 2426 vina‚·
1118 2387 1274 2424 Tmolus
1298 2394 1335 2423 et
1362 2389 1542 2436 adsurgit

148 2449 283 2496 quibus
307 2455 344 2483 et
362 2461 434 2483 rex
461 2449 543 2494 ipse
573 2450 788 2482 Phanaeus.
817 2463 848 2485 v.
872 2448 1011 2484 Markl.
1037 2450 1084 2485 ad
1114 2450 1207 2487 Stat.
1232 2449 1323 2486 Silv,
1349 2450 1377 2485 I.
1400 2462 1433 2488 2.
1468 2460 1545 2490 150.

148 2512 318 2560 Hymetti
357 2524 469 2553 vero,
507 2512 642 2545 montis
681 2509 854 2553 Atticae,
894 2510 968 2545 mel
1002 2509 1307 2547 laudatissimum.
1350 2512 1417 2547 sil.
1445 2512 1546 2547 XIV.

149 2585 229 2623 199.
257 2575 443 2611 nectareis
463 2579 572 2608 vocat
590 2572 642 2605 nd
657 2579 852 2606 certamen
879 2574 1094 2618 Hymetton
1119 2572 1256 2608 audax
1282 2572 1411 2619 Hybla
1416 2573 1542 2620 savis,

147 2639 204 2674 De
230 2638 341 2675 melle
367 2637 572 2673 Tarentino
594 2651 628 2671 v.
655 2635 771 2670 Varro
800 2635 895 2684 apud
921 2635 1094 2672 Maerob‚
1125 2635 1220 2672 Stat.
1246 2635 1294 2670 II.
1324 2645 1376 2670 12.
1400 2635 1448 2669 cl.
1474 2633 1546 2670 ΠΙ.

152 2702 207 2736 10.
243 2702 303 2745 33.
331 2717 379 2728 -
404 2696 598 2745 viridique
619 2700 740 2731 certat
777 2703 848 2732 cet.
900 2695 973 2731 Ubi
1003 2697 1125 2734 oleum
1159 2698 1338 2744 optimum
1364 2698 1549 2746 provenit,
