1834 3117
703 219 1049 254 *ῃ*

198 338 316 370 sese
342 338 558 389 prorsus
589 322 987 385 composuisse,
1026 337 1326 389 graecaque
1359 315 1609 390 exempla

198 412 285 451 aut
302 404 459 468 plane
484 403 818 465 expressisse
832 412 917 449 aut
939 404 1196 450 imitando
1217 403 1566 454 adumbrasse
1586 426 1602 470 ς

200 492 305 531 tum
347 481 645 543 Horatium,
684 486 768 548 qui
800 500 994 532 novum
1034 485 1189 549 lyrici
1226 486 1475 532 carminis
1522 502 1608 552 ge-

196 583 290 615 nus
323 580 351 610 e
381 560 612 612 Graecia
638 564 795 614 Latio
820 565 1063 620 inferret,
1101 564 1167 612 ad
1197 580 1420 631 graecos
1451 564 1611 630 Lyri-

195 658 285 693 cos
318 644 701 709 exprimendos
744 661 800 692 se
829 644 1182 711 adplicuisse,
1221 647 1434 693 etiamsi
1463 645 1610 692 nulla

190 723 436 780 istorum,
467 742 604 791 quae
636 725 886 772 reifidem
918 725 1278 781 adstruerent,
1308 724 1609 790 fragmenta

195 814 569 872 superessent,
617 820 790 871 neque
833 807 950 870 ipse
987 815 1207 870 aperte,
1257 804 1395 852 unde
1435 805 1610 870 prose-

191 888 375 941 cisset,
435 885 721 941 fateretur,
759 888 878 947 ipsa
915 894 1095 933 tamen
1145 885 1373 950 plurium
1422 883 1612 932 carmi·

127 982 129 985 ·
194 982 348 1019 num,
399 982 503 1030 qua
547 966 849 1030 argumenti
911 965 1145 1013 indolem
1207 964 1609 1012 enuntiationis-

192 1062 296 1110 que
341 1034 453 1093 vim
489 1046 650 1111 plane
701 1062 980 1114 graecam,
1030 1049 1169 1096 ratio
1213 1044 1356 1094 istud
1395 1044 1610 1092 abunde

197 1126 533 1193 comprobat.
620 1134 728 1180 Quo
776 1127 825 1173 in
870 1142 1064 1190 genere
1099 1126 1390 1174 admodum
1416 1122 1610 1188 proba·

195 1204 305 1252 bile
347 1215 429 1253 est
464 1212 680 1268 poetam
719 1205 793 1252 ita
830 1214 1103 1253 versatum
1142 1219 1283 1260 esse,
1323 1211 1400 1256 ut,
1449 1217 1609 1266 quum

197 1286 424 1334 adsidua
459 1295 742 1349 poetarum
774 1300 1113 1350 graecorum,
1150 1285 1385 1331 maxime
1416 1281 1608 1345 lyrico-

200 1381 342 1421 rum,
379 1366 610 1415 lectione
642 1364 776 1413 bene
818 1366 1026 1430 penitus
1068 1379 1185 1410 sese
1222 1364 1275 1410 in
1313 1375 1490 1409 eorum
1533 1360 1608 1407 sa-

194 1444 559 1496 miliaritatem
620 1446 937 1500 dedidisset,
999 1456 1417 1511 graecorumque
1491 1456 1608 1489 ver-

200 1536 348 1576 suum
410 1525 788 1575 tentaminibus
854 1524 1120 1592 ingenium
1168 1522 1238 1570 ad
1299 1537 1391 1568 eos
1447 1520 1607 1585 plane

196 1607 623 1662 conformasset,
675 1610 934 1673 primum,
999 1620 1102 1669 quo
1165 1615 1340 1649 sermo
1411 1601 1607 1648 latinus

192 1689 441 1739 horridus
507 1688 679 1736 adhuc
750 1701 812 1736 ac
890 1685 1230 1751 praefractae
1300 1680 1604 1746 asperitatis

189 1771 522 1819 emolliretur
546 1770 931 1834 rotundiorque
969 1767 1269 1818 exsisteret,
1303 1765 1368 1809 iis
1397 1761 1465 1808 ad
1491 1777 1608 1808 ver-

189 1840 638 1915 bum'vertendis
689 1852 987 1907 insudaret,
1040 1857 1149 1895 tum
1188 1841 1436 1893 liberiore
1490 1843 1607 1887 imi·

188 1929 393 1980 tatione
420 1934 663 1995 spiritum
690 1929 890 1978 Graiae
917 1927 1189 1976 Camenae
1219 1924 1486 1988 excipere,
1532 1922 1609 1967 in-

192 2020 461 2076 ventaque
492 2019 604 2078 ejus
632 2026 725 2059 sua
754 2011 932 2059 facere
957 2018 1265 2060 conaretur,
1297 2004 1465 2052 donec
1493 2010 1606 2049 tan-

192 2101 299 2140 tem
333 2092 558 2139 adsidua
598 2091 699 2140 hac
735 2092 1090 2140 contentionis
1130 2087 1424 2153 asperitate
1463 2085 1608 2132 vires

190 2174 461 2240 perfectas
502 2175 926 2236 constitutasque
976 2179 1164 2218 nactus
1201 2165 1352 2232 operi
1395 2178 1491 2210 suo
1529 2161 1608 2211 ita

194 2255 486 2304 sufficeret,
540 2261 619 2306 ut,
673 2267 833 2316 quum
881 2251 949 2298 ad
998 2255 1398 2315 argumentum,
1451 2251 1500 2290 ut
1534 2244 1609 2289 ita

192 2336 400 2393 dicam,
473 2333 777 2381 Romanum
851 2332 1176 2381 deferretur,
1243 2342 1348 2386 non
1406 2331 1519 2370 tam
1577 2338 1607 2368 a

197 2412 432 2464 Graecis,
450 2412 624 2460 lumen
658 2428 808 2459 suum
832 2410 1144 2459 accendisse
1163 2443 1173 2456 ,
1201 2415 1290 2455 aut
1314 2403 1382 2451 ab
1409 2403 1473 2450 iis
1500 2411 1610 2448 tan-

194 2503 303 2544 tum
341 2491 652 2547 defluxisse,
690 2507 849 2555 quam
885 2506 1069 2537 omnes
1108 2504 1176 2546 ex
1214 2500 1332 2534 sese
1381 2479 1608 2530 virtutes

196 2568 556 2633 expromsisse
615 2572 899 2618 videretur.-
983 2567 1166 2616 Hocce
1213 2575 1394 2612 autem
1447 2562 1609 2608 modo

193 2659 392 2717 poetae
432 2665 771 2717 progressum
799 2665 918 2697 esse
944 2648 1196 2700 studium,
1233 2645 1610 2711 profectusque

196 2731 308 2794 ejus
336 2729 643 2785 adolevisse
662 2765 673 2787 ‚
711 2729 957 2780 dubitare
982 2731 1073 2778 vix
1102 2726 1253 2788 licet,
1293 2727 1336 2772 si
1366 2726 1612 2789 ipsorum

1321 2811 1361 2853 B
