1779 3085
124 326 339 371 Bdusanz
392 340 585 382 suan2‚
632 343 765 386 quae
818 328 1023 372 levibus
1072 331 1280 372 tantunz
1334 330 1489 374 rebus

126 393 508 452 amatoriisque
546 394 772 439 ludicris
801 393 934 453 fere
976 394 1344 447 contineatur,
1389 411 1491 439 om-

126 459 255 502 nino
283 458 538 521 sufficere
574 468 771 519 negat,
807 463 1080 518 ipsumque
1123 458 1494 504 Maecenatem

127 526 389 574 vicissim,
438 531 497 567 ut
533 526 672 570 illud
714 528 968 570 historice
1003 532 1378 582 persequatur,
1416 541 1491 569 se-

125 589 249 633 dulo
291 591 560 633 hortatur.
639 594 903 636 Summum
955 596 1144 646 poetae
1187 582 1492 649 artificium

126 656 183 698 in
204 657 511 714 argumenti
534 655 698 715 hujus
713 652 1229 714 tractationefacile
1255 655 1494 699 animad-

130 726 327 764 vertas.
396 723 535 765 Dum
572 725 707 765 enim
737 723 926 780 lyram
960 736 1109 764 suam
1140 721 1492 779 gravioribus

128 788 466 845 argumentis
515 788 920 845 pertractandis
960 786 1247 831 convenire
1295 791 1491 846 negat,

129 851 185 894 in
212 850 309 896 hoc
346 848 462 910 ipsa
494 847 858 912 professione,
891 852 1183 911 taliumque
1210 865 1494 911 argumen-

130 922 303 961 torum
355 920 755 963 enumeratione
802 919 1048 975 spiritum
1100 916 1283 973 prodit
1323 916 1493 961 excel-

123 982 416 1035 sissimum,
453 983 672 1042 dumque
695 984 931 1044 Augusti
954 994 1039 1025 res
1062 989 1245 1042 gestas
1272 996 1388 1025 cum
1417 988 1495 1027 ta·

126 1048 270 1092 libus
312 1048 571 1104 exemplis
616 1051 908 1106 componit,
967 1048 1387 1105 exquisitissime
1428 1049 1491 1091 si-

122 1112 233 1156 mul
266 1127 355 1156 eas
399 1114 637 1158 extollit.
707 1115 985 1159 Simillimi
1022 1112 1219 1157 coloris
1248 1119 1324 1156 est
1348 1112 1411 1155 L.
1445 1114 1490 1157 J.

128 1193 171 1229 ε,
212 1179 255 1220 6.
323 1179 454 1221 .Ian1
503 1194 599 1235 pro
641 1180 848 1224 levibus
889 1180 1255 1239 arg1unentis,
1303 1179 1493 1237 quibus

126 1257 182 1286 se
214 1244 366 1288 unice
401 1259 584 1299 parem
615 1238 938 1306 profitetur,
975 1246 1030 1287 in
1068 1246 1241 1301 specie
1280 1258 1494 1288 comme-

125 1314 304 1352 morat
326 1315 484 1367 atque
512 1325 630 1355 vere
661 1313 806 1355 canit
842 1311 1187 1368 Licymniam
1216 1309 1386 1359 (haud
1409 1310 1497 1352 du-

126 1372 206 1415 bie
251 1375 561 1420 libertinam
599 1373 860 1436 aliquam)
909 1374 1067 1435 cujus
1107 1376 1496 1418 vehementissi-

76 1443 79 1447 “
124 1453 205 1481 mo
236 1455 414 1484 amore
453 1442 582 1486 adeo
620 1458 672 1486 se
705 1444 877 1487 teneri
912 1443 1023 1494 ait,
1061 1447 1118 1484 ut
1159 1442 1400 1492 animus,
1435 1441 1493 1482 in

124 1504 225 1547 hac
254 1497 499 1564 defixus,
536 1523 599 1551 ne
629 1508 796 1553 aliam
831 1507 1037 1567 quidem
1074 1521 1215 1550 nunc
1245 1506 1495 1564 cogitati·

120 1583 268 1614 onem
293 1571 562 1617 admittat.
631 1574 778 1618 Unde
802 1572 964 1619 simul
991 1572 1246 1629 adparet,
1281 1570 1500 1628 Licym-

123 1635 269 1678 niam
309 1638 403 1680 vix
432 1640 607 1693 alius,
644 1655 799 1698 quam
827 1638 1045 1684 Horatii
1082 1638 1307 1681 amicam
1343 1635 1498 1680 habe-

122 1700 176 1742 ri
199 1714 364 1756 posse.
435 1704 805 1750 Maecenatem
844 1710 1020 1748 autem
1052 1715 1171 1742 vere
1207 1701 1493 1743 historiam

120 1765 357 1824 Augusti
394 1770 635 1812 molitum
679 1785 816 1821 csse,
866 1765 1035 1809 tradit
1074 1765 1216 1807 Ptin.
1258 1764 1376 1807 VII.
1413 1762 1489 1813 45.

125 1830 364 1875 Ceterum
429 1833 565 1877 idem
622 1836 1001 1892 argumentum
1063 1829 1246 1872 iisdem
1301 1829 1492 1872 colori-

117 1892 215 1935 bus
259 1899 526 1951 expressit
557 1928 570 1946 ,
619 1913 680 1941 ac
719 1897 881 1954 plane
924 1912 947 1940 e
976 1896 1175 1940 Nostro
1207 1893 1489 1939 adumbra-

124 1958 203 2001 vit
229 1960 474 2018 Propert.
509 1963 584 2005 II.
619 1977 658 2005 1.

551 2145 1051 2191 Adnotationes.

212 2306 244 2328 v.
273 2303 303 2327 1.
330 2303 409 2340 sqq.
440 2294 517 2338 Ego
542 2294 716 2330 canendis
745 2297 894 2343 Augusti
917 2294 1086 2331 laudibus
1108 2294 1216 2345 plane
1233 2306 1290 2330 me
1312 2296 1487 2344 imparem

122 2357 257 2394 sentio.
284 2369 341 2391 res
365 2358 444 2404 ejus
469 2364 586 2402 gestas
613 2359 769 2392 carmine
797 2357 929 2407 lyrico,
953 2359 1062 2405 digne
1084 2356 1317 2393 describendi
1341 2354 1488 2392 facuha-

122 2423 194 2452 tem
217 2418 306 2452 mihi
329 2419 400 2452 vix·
414 2429 578 2462 arrogem
596 2431 604 2458 3
625 2419 737 2454 multo
762 2420 890 2455 melius
915 2429 1024 2455 tuens
1044 2418 1161 2455 soluta
1183 2421 1345 2454 oratione
1368 2424 1490 2468 perse-

117 2479 179 2528 qui
202 2481 353 2528 poteris.
379 2478 471 2514 Vide
501 2492 569 2529 qua
596 2479 774 2525 dignitate
803 2481 988 2527 vulgarem
1011 2484 1104 2517 hanc
1135 2483 1350 2517 sententiam
1384 2493 1489 2515 orna⁶

116 2543 226 2576 verit.
251 2540 373 2581 Nolis,
396 2554 440 2575 ne
461 2539 600 2586 jubeas,
626 2554 669 2574 ne
691 2554 833 2590 poscas,
855 2554 898 2577 ne
914 2544 1076 2591 injungas
1106 2543 1210 2585 mihi,
1230 2540 1387 2587 apiaria
1413 2552 1486 2582 me>

120 2611 159 2638 ut
182 2611 318 2652 aptem,
344 2602 621 2638 adcommodcm
640 2605 760 2649 gravia
779 2606 978 2639 carminum
1002 2611 1212 2651 argumenta
1232 2602 1397 2636 citharae
1407 2612 1486 2634 mo-

113 2664 186 2709 dis,
213 2665 372 2703 citharae
394 2667 489 2703 sonis
517 2662 705 2707 mollibus,
731 2665 833 2710 lyrae
849 2664 966 2709 molli,
993 2664 1124 2702 leviori
1149 2672 1286 2701 tantum
1299 2675 1484 2709 argumen-
