1779 3085
665 222 721 231 .-..
809 203 892 260 697
981 219 1037 231 .-

160 325 222 354 ton
244 312 303 350 111
319 341 329 358 ,
354 324 387 352 2.
420 314 596 351 Διονύσιος
618 329 666 342 -⁴
687 315 899 356 κατείληπτο
925 311 992 349 ὀπδ
1017 308 1195 359 χειμὸνος·
1223 321 1260 349 ut
1284 313 1541 363 Virgiliialio·

151 391 306 430 rumque
330 386 521 428 poetarum
544 379 625 414 loca
646 386 800 413 taceam.
829 377 888 413 Cf.
915 379 1038 413 Burm.
1067 375 1115 412 ad
1141 377 1300 415 Phaedr.
1325 378 1397 414 1V.⁴
1415 385 1471 417 24.
1485 388 1544 415 20.

149 440 324 476 Nostrum
349 442 510 476 imitatus
532 447 584 475 est
610 439 745 476 Statius
771 440 894 478 Theb.
920 440 948 474 Ῑ.
971 450 1058 484 370.
1085 438 1188 472 velut
1208 438 1363 473 hiberno
1385 439 1544 485 depren-

149 513 218 536 sus
250 503 385 537 navita
409 506 541 545 ponto,
584 499 648 534 cui
681 513 800 548 neque
827 506 927 535 temo
953 500 1091 546 piger,
1117 510 1236 543 neque
1262 499 1386 534 amico
1422 499 1548 534 sidere

151 569 348 598 monstrat
370 565 460 598 luna
480 563 561 596 vias
577 590 585 603 ,
613 563 739 598 medio
768 563 864 597 coeli
891 562 1096 609 pelagique
1125 562 1296 595 tumultu
1319 565 1400 595 stat
1425 563 1547 597 ratio-

150 626 212 659 nis
236 627 358 670 inops.
384 643 428 652 —
457 624 577 658 simul
597 638 664 668 ac,
690 625 752 660 ubi
776 625 893 659 nubes
921 630 1031 666 atra,
1057 622 1174 659 nubes
1200 633 1299 658 atrae
1328 624 1547 666 condidere,

151 686 450 728 absconderunt,
475 684 863 722 obduxerunt'lunam
891 695 926 722 et
955 685 1076 722 sidera
1100 686 1138 722 h.
1159 683 1267 721 coelo
1298 684 1458 720 nubibus
1484 686 1548 721 ob.

151 758 310 786 seui-ato.
339 751 522 785 Posterius
561 763 655 784 novo
687 749 854 791 instruxit
889 757 1018 784 ornatu
1050 756 1173 795 poeta.
1201 746 1336 781 Sidera
1368 746 1546 793 fulgent,

152 808 358 861 adparent,
388 812 426 844 in
454 818 654 860 conspectu
677 817 784 848 sunt.
812 814 914 843 certa
935 809 1090 853 nautis,
1116 823 1210 861 quae
1235 821 1381 845 cursum
1405 819 1548 847 certum

151 869 288 909 faciunt
310 874 449 915 nautis,
479 873 525 908 ad
550 887 642 924 quae
663 882 798 909 nautae
819 886 961 908 cursum
987 873 1174 919 dirigunt,
1201 883 1294 921 quae
1323 870 1434 906 duces
1463 879 1546 908 sunt

152 935 410 980 navigationis.
443 934 507 970 Sic
534 935 667 968 Helice
697 939 798 968 certa
832 933 915 969 val.
942 933 1000 970 Fl.
1027 932 1072 966 V.
1097 941 1155 978 71.
1192 930 1338 969 Tibull.
1363 933 1393 967 1.
1428 943 1463 976 9.
1491 944 1550 978 19.

149 994 313 1031 Ducunt
342 995 542 1030 instabiles
575 996 702 1030 sidera
738 1002 841 1030 certa
876 1000 1003 1039 rates,
1033 993 1094 1030 ubi
1127 1009 1158 1031 v.
1187 994 1356 1031 Broukh.
1386 995 1550 1041 Adjecta

146 1070 270 1096 autern
293 1062 384 1095 haec
409 1059 453 1093 τῶ
471 1070 654 1105 prensus,
679 1060 954 1109 perspicuitatis
984 1070 1114 1101 causa;
1151 1065 1226 1094 tum
1267 1058 1411 1106 egregie
1433 1064 1549 1094 totam

150 1124 350 1169 imaginem
373 1129 504 1167 augent
529 1129 564 1156 et
588 1128 779 1157 exornant.

246 1195 281 1218 v.
307 1190 340 1223 5.
369 1181 445 1218 Alii
477 1183 652 1218 militiam
688 1189 899 1225 sectantur,
926 1189 989 1222 ut,
1024 1181 1278 1232 opulentiores
1314 1178 1400 1216 inde
1429 1181 1541 1224 faeti,

148 1247 229 1283 otio
259 1245 459 1295 aliquando
498 1245 689 1294 indulgere
718 1247 874 1295 possint.
902 1244 1070 1279 Thracas
1095 1252 1129 1279 et
1159 1243 1311 1280 Parthos
1344 1244 1389 1279 ad
1423 1254 1547 1294 partes

153 1316 284 1350 vocat,
323 1308 446 1356 itaque
473 1306 640 1344 adfectos
672 1309 722 1342 ait
751 1316 874 1356 poeta,
910 1311 1035 1343 nescio
1060 1319 1167 1358 quam
1203 1306 1323 1348 bene;
1359 1320 1440 1342 cuni
1474 1310 1553 1344 istis

156 1369 304 1419 populis
337 1371 446 1419 plane
488 1371 597 1404 insita
625 1381 667 1403 ac
695 1382 888 1420 numquam
921 1369 1135 1405 intermissa
1168 1368 1348 1403 tribuatur
1385 1368 1551 1406 bellandi

149 1428 312 1478 cupido,
339 1430 429 1465 nulli
459 1443 529 1466 nec
551 1430 796 1480 parandarum
829 1443 937 1479 opum
960 1443 1028 1465 nec
1051 1433 1167 1465 otium
1191 1431 1431 1467 nanciscendi
1457 1434 1551 1469 encei-

155 1498 230 1526 tata
252 1490 388 1527 studio.
425 1492 471 1527 At
495 1492 670 1528 Romanis
706 1499 924 1543 quaestuosa
958 1490 1164 1527 habebatur
1189 1493 1326 1527 militia
1347 1505 1427 1528 cum
1449 1506 1551 1543 prae-

154 1553 239 1586 miis
276 1555 377 1599 ejus,
413 1555 607 1605 auctisque
644 1551 867 1604 stipendiis,
910 1555 1067 1588 maxime
1102 1551 1214 1589 hellis
1244 1554 1447 1598 civilibus,
1476 1566 1555 1594 tum

158 1613 297 1665 praeda
321 1627 365 1651 ex
390 1615 499 1652 hoste
523 1614 719 1662 facienda3
743 1614 840 1650 unde
865 1614 960 1650 adeo
984 1615 1074 1664 ipsis
1103 1617 1220 1651 otiose
1253 1617 1376 1651 vivere
1405 1616 1550 1655 liceret.

157 1678 232 1714 Sed
252 1678 368 1714 voluit
391 1677 487 1715 forte
510 1687 621 1728 poeta
642 1678 734 1713 nihil
754 1678 910 1729 amplius
932 1690 1038 1729 quam
1055 1704 1064 1719 ,
1092 1679 1205 1713 etiam
1237 1685 1367 1723 gentes
1390 1679 1449 1713 vel
1479 1694 1555 1716 ma·

153 1741 251 1775 xime
287 1742 470 1792 inquietas
493 1741 692 1792 aliquando
713 1744 827 1775 otium
851 1747 1048 1786 exoptare;
1076 1745 1187 1787 atque
1213 1741 1268 1773 sic
1290 1744 1377 1773 satis
1406 1740 1552 1790 adposi-

156 1810 193 1837 te
213 1801 381 1837 Thraces
406 1815 449 1837 ac
476 1801 584 1837 Medi
609 1815 628 1836 a
650 1809 762 1850 poeta
782 1800 974 1834 memorati
1009 1797 1127 1833 videri
1161 1799 1318 1847 possint.
1353 1800 1552 1841 Enimvero

151 1874 235 1898 cum
261 1865 385 1897 statim
406 1861 603 1908 subjiciat,
630 1865 745 1897 otium
775 1859 867 1895 illud
888 1861 1037 1895 minime
1060 1858 1193 1908 opibus
1211 1862 1358 1909 parari,
1387 1863 1552 1916 illudque

155 1922 249 1959 adeo
273 1922 318 1959 tle
338 1922 419 1958 sola
439 1925 552 1957 animi
578 1921 853 1973 tnanquillitate
880 1922 998 1970 accipi
1021 1919 1179 1963 debeat,
1208 1923 1270 1957 vix
1296 1932 1398 1959 recte
1418 1927 1454 1960 in
1479 1940 1554 1963 me.

156 1985 258 2021 dium
284 1985 484 2035 productos
509 1984 647 2020 dixeris
666 1987 754 2020 istos
774 1983 931 2033 populos
946 2009 956 2025 ‚
983 1982 1115 2034 quibus
1138 1991 1275 2019 tanturn
1296 1986 1372 2020 otia
1393 1989 1473 2024 sine
1497 2002 1552 2024 ar.

155 2049 224 2083 mis
240 2073 250 2089 ‚
277 2047 312 2082 h.
336 2049 408 2081 vita
435 2046 597 2082 laborum
621 2059 664 2081 ac
686 2045 938 2081 molestiarum
964 2057 1094 2088 expers
1117 2045 1314 2097 aliquando
1345 2062 1453 2085 curae
1477 2064 1554 2088 cor.

157 2110 271 2160 dique
300 2111 361 2145 sit.
390 2109 598 2144 Dicendum
619 2109 754 2155 igitur,
781 2115 929 2155 poetam
957 2109 991 2140 in
1021 2107 1285 2143 constituenda
1307 2111 1374 2145 otii
1400 2114 1551 2151 notione

157 2184 285 2222 parum
312 2178 486 2206 accurate
519 2177 700 2205 versatum
730 2181 809 2204 esse
829 2195 838 2208 ,
866 2177 900 2203 et
926 2170 961 2202 in
986 2169 1102 2217 priori
1128 2169 1291 2206 membro
1324 2171 1371 2207 de
1397 2175 1469 2209 vita
1499 2189 1555 2213 se.

158 2246 248 2269 cura
269 2232 520 2283 periculisque
549 2243 683 2270 vacua;
712 2231 746 2264 in
775 2230 978 2278 posteriore
1005 2237 1126 2264 autem
1146 2229 1191 2264 (le
1218 2230 1299 2267 sola
1321 2235 1435 2269 animi
1461 2245 1554 2273 tran.

157 2294 344 2347 quillitate
364 2295 569 2341 cogitasse3
591 2304 697 2342 quam
719 2292 845 2341 utique
868 2290 1092 2325 diversarum
1114 2293 1302 2328 notionum
1326 2299 1557 2345 conjunctio—

159 2371 269 2398 nem,
295 2357 625 2405 transitionemque
647 2354 764 2387 minus
791 2353 1005 2392 concinnam
1039 2353 1285 2406 doctamque,
1311 2360 1390 2405 jure
1416 2362 1555 2410 impro-

158 2416 316 2452 bandam
341 2417 505 2452 duxeris.
530 2433 576 2441 —
607 2413 771 2453 Thrace,
800 2408 913 2456 Θμᾷκη
931 2440 940 2455 ,
967 2413 1154 2456 Thracia,
1181 2422 1409 2466 quantum-,is
1429 2420 1553 2465 furin-

167 2491 229 2521 ια,
257 2478 475 2522 μαινομένη,
497 2475 644 2516 furens,
672 2471 782 2510 effera
808 2473 925 2517 bello,
951 2473 1263 2520 bellicosissima,
1289 2482 1359 2514 etsi
1383 2481 1550 2520 lubenter

158 2539 263 2576 bello
284 2540 449 2575 Thraces
470 2537 717 2578 detineantur,
742 2537 775 2569 in
797 2537 906 2570 arinis
930 2538 1041 2571 vitam
1063 2537 1223 2583 ‹legant3
1250 2547 1366 2576 tat-nen
1387 2543 1552 2595 aliquan.

160 2601 209 2638 do
235 2602 361 2638 otiam
377 2628 386 2644 ,
414 2601 641 2635 vacationem
666 2611 685 2632 a
709 2597 842 2632 militia
859 2623 867 2637 ‚
892 2600 1053 2648 quietem
1074 2606 1304 2649 praeoptant.
1333 2603 1548 2654 Pervulgata

158 2664 244 2700 satis
269 2663 437 2700 immanis
448 2658 815 2698 Thracumbellandi
833 2659 1140 2709 cupiditasmnds:
1173 2659 1267 2707 Α”ρεῐ
1287 2659 1541 2711 κάτοχον-γενος
