1779 3085
734 247 1090 293 „ma

238 362 315 405 ris
340 357 587 402 laetitiae
621 371 860 413 sensum,
886 376 984 418 quo
1011 363 1293 403 contactus
1320 359 1391 405 ad
1416 368 1608 406 canem

237 426 358 469 dum
385 430 710 477 accesserat,
734 440 867 481 prae
902 439 957 469 se
982 421 1170 482 ferens
1195 428 1354 480 poeta
1384 425 1455 469 ad
1476 441 1606 471 com-

231 505 441 536 munem
476 490 816 534 hilaritatem
838 491 1052 535 sodales
1081 491 1425 542 exhortatur,
1452 491 1607 536 diem-

232 571 329 614 que
365 552 540 614 festis
587 556 760 612 epulis
813 555 1190 601 celebrandum
1234 555 1443 601 indicit.
1511 558 1607 601 His

234 623 373 665 enim
420 623 636 678 patriae
684 636 933 682 quemque
993 622 1419 666 amantissimum
1461 636 1604 666 nunc

232 701 430 730 vacare
448 719 459 739 ‚
487 689 729 746 omnique
759 690 973 732 omnino
999 687 1246 732 laetitiae
1271 700 1469 746 genere
1498 701 1607 730 cer-

235 758 353 795 tare
385 759 660 808 oportere,
695 755 1043 810 propulsato,
1088 752 1227 812 quod
1261 758 1403 796 metu
1445 754 1606 796 omni-

231 831 317 860 am
369 818 721 861 continuisset
782 820 1020 871 animos,
1075 817 1291 876 patriae
1339 817 1604 875 periculo‘

235 881 400 941 Quum
429 884 566 927 enim
597 882 886 939 Cleopatra
905 884 1118 940 imperii
1138 885 1369 929 Romani
1394 883 1607 941 potiun-

228 946 286 988 di
323 961 465 1002 spem
493 949 776 1004 impotenti
802 949 981 991 animo
1013 949 1356 1003 concepisset,
1391 948 1458 992 ab
1486 947 1607 1000 hac,

226 1018 485 1067 superata
523 1021 682 1072 atque
709 1012 956 1057 incendio
985 1014 1231 1056 absumta
1271 1012 1391 1071 ejus
1414 1013 1606 1064 classe,

230 1080 341 1119 tam
371 1080 607 1134 turpiter
635 1076 845 1137 dejecta
873 1085 976 1130 est,
1018 1085 1077 1122 ut
1099 1074 1260 1136 fuga
1293 1077 1437 1120 vitae
1477 1091 1606 1121 suae

226 1142 502 1186 consulere
528 1157 739 1188 necesse
771 1144 1023 1197 haberet,
1058 1157 1217 1201 eoque
1258 1141 1473 1191 tandem
1497 1141 1608 1186 ino-

224 1208 375 1263 piae,
405 1209 644 1254 instante
673 1209 1006 1261 Octaviano,
1035 1208 1410 1268 redigeretur,
1435 1211 1514 1260 ut,
1537 1220 1606 1250 ne

226 1272 286 1314 in
320 1273 552 1318 lzostium
577 1280 898 1332 potestatem
938 1275 1172 1326 veniret,
1215 1274 1334 1331 ipsa
1362 1272 1467 1317 sibi
1499 1286 1608 1316 ma-.

225 1350 328 1379 nus
354 1334 608 1396 inferret.
654 1340 872 1383 Eminet
898 1340 994 1384 hoc
1020 1353 1239 1383 carmen
1268 1337 1607 1382 vividissima

226 1416 405 1445 rerum
435 1406 800 1459 expositione,
827 1401 1143 1463 adfectuum
1182 1405 1264 1457 vi,
1313 1402 1608 1463 eloquutio-

226 1467 410 1524 nisque
447 1476 646 1514 ornatu
688 1469 985 1524 splendido.
1058 1470 1127 1512 In
1165 1469 1483 1513 adornando
1525 1481 1607 1509 ve-

224 1545 285 1572 ro
333 1532 655 1589 Cleopatrae
695 1534 1013 1578 charactere
1054 1549 1266 1581 sensum
1309 1534 1473 1592 plane
1508 1532 1606 1574 Ro-

221 1610 438 1640 manum
464 1604 719 1655 sequutus
749 1598 921 1640 videri
951 1599 1101 1641 debet
1124 1604 1303 1654 poeta.
1350 1600 1606 1642 Everten-

222 1659 320 1703 dae
349 1664 489 1705 enim
531 1664 660 1719 reip.
701 1663 976 1706 Romanae
999 1663 1285 1706 consilium
1322 1678 1431 1705 non
1464 1666 1606 1719 pote..

221 1730 342 1777 rat,
378 1728 507 1784 quin
553 1730 661 1770 civi
707 1728 976 1781 Romano,
1016 1729 1108 1786 qai
1139 1727 1398 1783 Capitolii
1424 1739 1604 1771 arcem

220 1795 499 1834 aeternam
525 1797 787 1850 caputque
810 1794 1025 1849 imperii
1046 1792 1192 1835 orbis
1218 1798 1490 1836 terrarum
1511 1791 1603 1836 Ιια-

220 1855 401 1907 beret,
431 1858 772 1902 temerarium
806 1858 1099 1909 videretur,
1134 1854 1293 1915 cujus
1322 1863 1503 1900 tamen
1531 1861 1603 1899 te-

218 1922 493 1967 meritatis
517 1923 732 1980 culpam
767 1922 901 1966 idem
929 1939 960 1967 a
1002 1923 1287 1980 Cleopatra
1305 1952 1318 1976 ,
1353 1922 1492 1981 quod
1517 1935 1603 1964 ex·-

218 2000 344 2041 pers
397 1987 678 2031 muliebris
732 1995 901 2033 metus
961 1988 1330 2033 voluntariam
1377 1991 1603 2032 mortem.

220 2051 960 2113 ignominiosaepraeferret,
976 2055 1112 2098 satis
1135 2055 1425 2099 redemtam
1452 2051 1602 2110 judin
1630 2073 1636 2080 ·

220 2118 398 2161 cabat.
466 2119 557 2162 Ita
586 2116 720 2177 fere
760 2119 819 2162 de
874 2120 1112 2164 Antonio
1161 2119 1354 2163 Vellei.
1393 2118 1468 2162 II.
1517 2117 1597 2176 87-

216 2183 566 2226 Antonias
620 2200 644 2227 s
665 2199 688 2226 e
726 2186 864 2241 ipse
927 2199 1062 2228 non
1119 2184 1455 2245 segniter
1508 2185 1598 2226 in

217 2251 536 2303 teremit5
573 2249 739 2293 adeo
776 2257 846 2294 ut
880 2251 1106 2294 multa
1146 2249 1453 2293 desidiae
1481 2250 1598 2291 cri-

217 2313 406 2355 mina
458 2328 588 2357 una
634 2321 841 2359 morte
891 2315 1283 2360 redimeret.
1356 2316 1593 2359 Ceterum

216 2386 528 2434 comparent
563 2394 678 2422 cum
715 2381 765 2425 ἠ.
794 2396 836 2427 c.
866 2382 1058 2424 Nostri
1089 2381 1146 2425 V.
1189 2397 1234 2437 9.
1273 2381 1426 2438 Virg.
1462 2381 1591 2422 Aen.

217 2441 371 2486 VIII.
402 2443 511 2502 675.
541 2449 592 2487 et
617 2446 862 2503 Propert.
894 2447 1000 2491 III.
1034 2461 1109 2490 11.
1146 2452 1198 2490 et
1234 2446 1328 2490 JV.
1359 2446 1403 2489 6.

547 2534 1262 2582 Adnotationes.

305 2633 338 2657 v.
366 2636 380 2657 ι
408 2634 487 2670 sqq.
522 2620 678 2661 Effrenis'
712 2623 873 2662 laetitiae
912 2638 1084 2670 semum,
1108 2639 1180 2677 quo
1201 2624 1247 2659 ad
1268 2621 1469 2660 canendum
1497 2622 1588 2657 exci.

216 2690 308 2720 tatus
336 2692 412 2721 erat
440 2692 570 2735 poeta,
603 2687 681 2737 ipsa
715 2689 834 2724 oratio
868 2701 932 2736 per
966 2687 1098 2732 breves
1120 2689 1322 2726 sententiaa
1343 2686 1588 2736 praecipitata
