1779 3085
755 185 1126 225 ...600-

244 305 302 335 3‘.
340 305 396 337 25.
422 299 468 333 Π.
497 301 553 336 16.
582 301 666 340 4ο.)
704 298 739 333 h.
780 298 804 332 l.
833 297 997 347 perlida,
1035 296 1137 331 lucro
1163 295 1333 337 addicta,
1372 294 1628 342 fraudulenta,

248 362 418 406 perjura:
458 374 550 411 quae
575 361 743 396 notiones
781 371 823 394 ex
847 358 986 400 altero,
1018 357 1114 409 quod
1150 358 1338 407 sequitur,
1363 354 1525 391 membro
1549 369 1636 392 con·

248 422 348 455 stitui
373 421 521 457 debent.
570 421 691 469 Vulgo
727 421 942 471 explicant,
978 420 1177 464 humilem,
1204 416 1415 459 sordidam,
1457 415 1641 465 abjectam

249 485 456 530 retragante
477 483 651 536 loquendi
675 497 751 519 usu.
801 482 897 518 Tum
932 491 1041 534 poeta
1063 484 1116 518 sic
1137 487 1426 527 argumentatur:
1463 476 1635 528 Phyllis,

247 558 342 596 quae
377 554 448 581 tam
473 548 640 593 ingenuis
665 545 841 586 moribus.
867 554 940 581 tam
977 557 1152 593 generosa
1176 541 1298 578 indole
1324 539 1493 591 praedita
1515 547 1592 581 est,
1619 552 1639 574 e

250 605 363 655 plebe
388 615 470 643 nata
494 621 572 644 esse
603 609 757 659 nequit,
795 609 930 659 quippe
956 622 1048 659 quae
1074 607 1233 643 scelesta
1257 611 1325 640 cst.
1379 600 1642 647 Sedime'lec·

247 677 321 702 tam
344 672 565 705 sententiam
591 684 683 705 novo
709 678 817 720 poeta
844 667 1009 704 membro
1033 667 1189 708 extulit,
1215 675 1250 702 et
1277 665 1466 701 exornavit
1485 674 1574 712 sqq.
1595 675 1641 686 ·-

250 732 308 767 18.
332 729 461 775 Neque
484 744 567 764 eam
595 729 824 776 sic-fidelem
847 729 955 766 fidam
983 733 1017 766 in
1051 743 1198 770 amon,
1233 729 1352 763 animo
1382 737 1465 761 vere
1487 723 1554 758 tibi
1581 720 1647 756 de·

250 791 392 834 ditam,
428 791 484 824 sic
517 803 717 834 aversam,
754 794 935 836 alienam,
970 793 1228 828 abhorrentem
1257 804 1279 825 a
1303 789 1430 830 lucro,
1470 799 1542 836 quo
1564 783 1644 819 solo

250 855 424 886 invitatae
456 854 671 887 meretrices
705 855 792 886 viris
832 851 1158 894 subblandiuntur,
1194 862 1428 899 amoremque
1455 844 1643 888 simulant,

249 914 358 947 nasci
374 914 545 958 potuisse
560 917 686 945 matre
706 914 802 958 pud.
827 913 937 948 talem
964 924 1049 949 esse
1067 925 1197 962 posse,
1233 914 1263 947 si
1291 920 1371 946 nata
1393 916 1488 945 esset
1512 918 1644 951 matre,

250 985 352 1014 culus
374 986 452 1008 earn
484 975 624 1023 pudere
649 973 806 1018 debeat,
837 975 1004 1026 adeoque
1027 974 1170 1009 infimae
1196 975 1328 1015 sortis,
1367 972 1644 1022 abjectissimae

250 1036 477 1070 conditionis
494 1062 504 1076 ,
530 1037 558 1070 si
585 1034 740 1082 ignobili
763 1049 896 1083 genere
918 1044 996 1072 otta
1015 1043 1127 1071 esset.

349 1107 369 1128 v
420 1108 458 1131 21
485 1115 524 1121 —
553 1104 612 1137 24.
661 1097 829 1147 Denique
852 1097 1018 1133 liberalis
1046 1100 1123 1143 ejus
1148 1095 1262 1131 facies
1280 1121 1290 1139 ‚
1317 1094 1646 1145 praestantissima-

252 1171 324 1207 que
361 1156 481 1194 sorma
517 1171 680 1194 amorem
702 1166 800 1194 tuum
840 1159 954 1195 facile
994 1160 1258 1195 excusatiorem
1285 1156 1388 1193 facit.
1440 1151 1547 1202 Quod
1569 1157 1649 1207 qui·

253 1219 339 1257 ,dem
385 1234 504 1255 meum
539 1220 586 1256 de
624 1225 701 1268 ejus
746 1221 1022 1271 pulchritudine
1060 1229 1160 1257 tanto
1201 1221 1322 1256 verius
1361 1217 1490 1254 haberi
1534 1217 1648 1268 debet

254 1280 432 1328 judici-em
451 1308 462 1325 ,
499 1296 570 1334 quo
593 1285 710 1318 minus
737 1283 829 1317 illud
851 1296 974 1319 amore
998 1281 1141 1318 ducitur
1156 1309 1166 1325 ,
1206 1284 1307 1327 cujus
1325 1292 1370 1315 ne
1390 1281 1550 1330 suspicio
1571 1281 1651 1326 qui·

257 1342 343 1377 dem
370 1344 406 1378 in
432 1344 618 1379 hominem
635 1371 643 1383 ,
676 1358 695 1379 a
720 1359 791 1395 quo
811 1345 1078 1395 proficiscitur,
1109 1356 1241 1379 annum
1262 1344 1399 1394 quippe
1425 1342 1497 1378 XL
1517 1342 1650 1377 aetatis

251 1412 450 1451 agentem,
487 1405 622 1447 cadere
658 1415 794 1454 potest.
844 1404 900 1441 Ita
936 1407 967 1442 εἰ
1003 1411 1132 1441 horum
1172 1419 1228 1441 vv.
1261 1405 1481 1441 sententiam
1515 1404 1652 1439 consti·
1688 1453 1692 1456 η

253 1459 357 1509 tuas,
395 1465 491 1501 haud
522 1480 608 1502 sane
642 1476 781 1504 temere
804 1467 923 1510 adsuti
947 1476 1056 1520 atque
1086 1469 1262 1518 primario
1297 1467 1470 1502 carminis
1497 1463 1653 1501 consilio

255 1526 368 1561 alieni
404 1526 649 1570 videbuntur,
686 1538 770 1570 aut,
806 1539 843 1564 ut
874 1532 1007 1566 amoris
1045 1531 1292 1580 suspicionem
1318 1542 1339 1564 a
1364 1541 1403 1564 se
1432 1527 1651 1564 amoliretur

257 1587 409 1635 adjecti.
458 1588 582 1624 Partes
615 1589 899 1640 pulchritudinis
937 1600 1142 1641 ponuntur,
1176 1598 1263 1626 nota
1299 1592 1447 1640 poetica
1480 1591 1650 1630 ratione;

258 1657 293 1683 et
321 1650 353 1682 in
377 1648 436 1683 his
465 1647 621 1687 brachia'
645 1658 679 1686 et
699 1661 831 1697 surae,
873 1666 954 1688 curn
990 1652 1150 1693 dilectu;
1188 1653 1361 1702 quoniam
1385 1651 1480 1685 haec
1515 1652 1551 1684 in
1577 1662 1653 1684 ser·

258 1708 397 1752 vabus,
436 1722 528 1759 quae
561 1709 788 1747 brevissimis
822 1714 953 1748 tunicis
978 1711 1194 1764 utebantur,
1230 1725 1395 1763 quaeque
1422 1725 1491 1747 nec
1521 1711 1650 1757 longas

258 1772 420 1805 manicas
444 1768 651 1813 habebant,
680 1775 875 1807 maximam
903 1781 1044 1822 partem
1076 1771 1173 1807 nuda
1201 1771 1544 1820 conspiciebantur,
1569 1783 1653 1806 cum

261 1837 465 1866 matronae
497 1840 649 1877 contra,
681 1838 838 1881 praeter
859 1834 1035 1881 faciem,
1062 1832 1123 1866 nil
1156 1843 1306 1865 cernere
1334 1831 1493 1875 liceret,
1531 1837 1653 1865 cetera

262 1912 309 1920 —
327 1892 492 1927 demissa
505 1899 606 1928 veste
625 1894 805 1940 tegentis.
857 1894 976 1930 Serm.
1001 1893 1031 1929 l.
1054 1906 1086 1932 2.
1099 1903 1158 1938 94.
1183 1898 1468 1937 05.—1etetes‚
1497 1891 1657 1927 clemen·

263 1963 319 1990 ter
344 1964 551 1999 exstantes,
586 1958 794 2007 sensimque
825 1964 1013 1999 tenuatas,
1049 1963 1087 1990 ut
1123 1956 1174 1990 ait
1193 1956 1360 1992 Lactant.
1389 1954 1436 1990 de
1465 1953 1513 1991 Ο.
1546 1953 1594 1990 D·
1622 1959 1658 1994 5·

265 2022 455 2063 tumentes
477 2027 605 2052 contra
626 2031 656 2055 s.
677 2031 844 2054 enormes
869 2017 915 2054 V.
942 2025 977 2058 8.
1004 2029 1061 2052 10.
1083 2037 1129 2044 —
1145 2015 1317 2065 integer,
1350 2019 1474 2053 animo
1497 2017 1665 2060 integro,

265 2080 430 2123 intacto,
461 2078 568 2128 plane
600 2092 714 2115 vacuo
751 2079 798 2114 ab
828 2093 950 2115 amore
989 2081 1075 2114 istas
1102 2080 1245 2130 puellae
1270 2079 1376 2115 dotes
1401 2077 1563 2120 extollo,
1599 2088 1661 2113 ex·

213 2167 216 2170 .
266 2142 373 2175 imias
407 2141 552 2189 judico3
585 2150 621 2175 ut
656 2141 726 2175 111.
760 2150 795 2188 7.
828 2145 885 2180 23.
916 2139 965 2175 cf.
1007 2140 1134 2175 Burm.
1156 2140 1205 2175 ad
1238 2140 1325 2175 Val.
1351 2137 1411 2174 Fl.
1432 2139 1484 2173 ll.
1503 2147 1586 2179 374.
1613 2155 1651 2162 —

255 2202 381 2249 fuge,
410 2204 484 2237 noli
513 2203 723 2248 suspicort'‚
750 2204 864 2237 amori
891 2202 1088 2253 quidquam
1114 2203 1149 2236 in
1177 2203 1248 2238 hoc
1273 2200 1398 2236 datum
1423 2200 1632 2236 existimare
1654 2223 1666 2241 ,

254 2258 563 2313 'quandoquidem
589 2268 695 2297 aetas
706 2278 785 2300 mea
804 2263 1012 2311 trepidavit
1031 2263 1229 2306 claudere,
1253 2263 1383 2299 clausit
1405 2265 1582 2296 octavum
1602 2259 1660 2293 lu·

269 2327 415 2361 strum.
450 2324 527 2358 XL.
549 2337 723 2359 annorum
756 2327 912 2375 spatium
944 2327 1093 2372 exegit,
1127 2324 1298 2360 absolvit.
1353 2321 1554 2369 Trepidam
1589 2319 1663 2356 ele·

272 2391 401 2428 gantet
435 2383 481 2420 de
514 2398 622 2421 cursu
656 2389 809 2428 aetatis,
862 2386 946 2434 suga
981 2389 1171 2437 temporis.
1221 2385 1394 2422 Ceterum
1438 2382 1661 2424 Xanthiam,

273 2446 332 2479 cui
356 2458 393 2480 se
417 2448 469 2481 sic
491 2459 511 2481 a
534 2447 717 2494 Phyllidis
752 2462 875 2484 amore
901 2451 1097 2484 immunem
1123 2447 1298 2498 probaret
1321 2447 1516 2488 Horatius,
1540 2443 1648 2479 admo

274 2505 360 2540 dum
395 2510 563 2556 juvenem
587 2509 696 2544 fuisse
721 2517 822 2545 recte
847 2510 1025 2557 colligas;
1063 2518 1136 2544 tum
1159 2508 1308 2546 omnino
1333 2507 1636 2544 continentiorem

274 2569 463 2619 minusque
498 2570 565 2605 ista
587 2577 706 2606 aetate
741 2569 787 2605 ad
823 2570 1029 2621 voluptates
1062 2585 1144 2607 eum
1164 2570 1275 2608 fuisse
1304 2581 1528 2622 propensum
1553 2573 1662 2604 statu-

272 2640 334 2679 ere
358 2628 457 2666 licet.

714 2718 1176 2748 mave-mmmmm
