1779 3085
675 247 732 257 ..-
820 236 902 275 710
987 247 1044 258 .-

179 354 244 377 rme
268 341 376 384 fieri,
412 347 521 391 atque
545 338 721 381 interire,
753 341 927 376 continua
954 338 1206 376 vicissitudine
1230 345 1402 391 crescunt
1425 349 1469 374 ac
1495 336 1558 374 de·

179 410 362 439 crescunt.
411 401 606 438 Praeclare
645 409 767 436 autem
793 401 946 451 speciali
969 401 1038 438 hac
1062 409 1169 452 poeta
1197 413 1280 437 usus
1305 408 1358 436 est
1379 401 1561 446 imagine,

177 465 273 502 unde
318 466 477 500 maxime
517 463 609 498 levis
654 463 830 512 temporis
865 466 1034 498 transitus
1085 463 1338 514 velocitasqne
1375 459 1564 507 cognosci-

179 535 249 564 tur.
300 526 440 561 Eadem
478 525 634 571 imagine
671 523 908 559 velocitatem
953 526 1131 575 temporis
1165 525 1369 570 designavit
1416 524 1464 556 ΙΙ.
1508 533 1563 559 ιι.

180 598 236 624 10.
276 607 322 614 -—
360 599 414 628 ¹7·
472 585 676 622 Maximam
713 585 897 630 ἐνάργειαν
927 586 1037 622 habet
1070 586 1274 622 allocutio:
1330 584 1384 620 Tu
1419 593 1564 628 tamen,

176 650 266 695 iuga
289 649 464 697 temporis
489 647 586 682 haud
608 646 814 683 admonitus
830 674 839 691 ,
876 654 911 684 et
941 647 1008 683 sub
1034 648 1317 696 ipsumfunus‚
1345 641 1565 689 τυμβογέρων

178 706 239 751 ὃν,
277 711 384 744 morti
409 712 480 756 jam
502 710 714 754 proximus,
749 709 917 745 aedificia
941 710 1062 746 adhuc
1085 709 1281 761 splendida
1304 716 1340 744 et
1359 720 1468 757 supra
1492 720 1568 742 mo-

177 769 263 805 dum
288 778 472 804 sumtuosa
493 769 649 806 moliris.
703 771 774 806 Pro
799 771 870 807 hoo
893 773 1075 823 exquisite
1097 780 1134 808 et
1158 786 1176 808 e
1202 784 1286 807 suae
1310 768 1569 807 aetatismore

177 839 314 882 poeta:
355 837 392 863 tu
412 840 609 864 marmora
635 833 820 876 secanda,
861 833 1052 869 caedenda
1084 840 1121 869 et
1144 832 1381 873 advehenda·,
1410 844 1490 867 cum
1513 829 1567 865 tli-

177 892 276 927 lectu
302 903 389 940 pro,
424 892 617 926 materiem
647 893 854 927 universam
880 893 1003 935 locas,
1041 902 1077 930 et
1114 894 1186 930 hoc
1214 909 1281 944 pro
1307 894 1494 941 generali:
1530 900 1570 929 tu

178 953 290 989 aedes
319 951 560 986 exstruendas
589 950 715 993 locas;
751 952 926 999 adjuncta
948 961 1069 990 tamen
1091 956 1386 1002 magnificentiae
1410 956 1572 992 notione.

177 1013 354 1050 Solebant
385 1021 506 1048 autem
545 1012 641 1062 apud
675 1014 861 1052 Romanos
892 1016 929 1050 in
967 1016 1147 1052 aediliciis
1175 1017 1410 1052 exstruendis
1434 1030 1569 1066 operae

178 1089 260 1111 cum
291 1076 368 1124 ipsa
391 1075 543 1110 materie
569 1074 692 1108 locari
722 1075 1014 1120 redemtoribus;
1059 1084 1098 1114 ut
1124 1079 1161 1113 in
1189 1077 1316 1125 vulgus
1348 1086 1485 1113 notum.
1512 1075 1570 1112 Cf.

177 1135 254 1173 111.
296 1145 324 1175 1.
368 1144 427 1178 34.
464 1146 524 1180 35.
556 1135 647 1177 VAlii
682 1148 821 1174 marm.
855 1139 1019 1172 secanda
1058 1140 1167 1175 nimis
1200 1145 1351 1186 anguste
1383 1136 1573 1184 accipiunt

179 1211 270 1248 pro,
305 1195 524 1232 dissecanda
557 1199 591 1231 in
623 1206 764 1233 crustas
796 1211 840 1235 ac
878 1198 1048 1244 tabulas,
1088 1201 1132 1235 ad
1163 1201 1476 1250 pavimentorum,
1511 1211 1574 1247 pa-

181 1261 314 1295 rietum
338 1285 350 1300 ‚
406 1266 440 1294 et
478 1259 702 1295 lacunarium
737 1272 855 1296 usum.
888 1281 933 1288 -
970 1269 1025 1301 18.
1069 1260 1209 1295 Eadem
1254 1263 1460 1304 sententia,
1504 1259 1574 1296 sed.

179 1322 296 1367 magis
313 1323 507 1370 perspicue
540 1321 695 1364 tradita,
735 1335 834 1359 more
874 1323 1091 1361 Horatiano.
1139 1323 1336 1360 Praeclare
1361 1330 1484 1359 autem
1510 1336 1574 1373 op-

178 1389 361 1433 ponuntur
384 1382 600 1428 sepulcrum
625 1391 660 1419 et
689 1383 849 1426 domus,
884 1384 932 1420 de
956 1397 1028 1437 qua
1059 1385 1138 1421 sola
1166 1387 1316 1432 cogitat.
1339 1405 1385 1412 -
1411 1393 1471 1421 20.
1498 1383 1571 1417 Ur-

178 1454 270 1489 ges,
306 1441 492 1487 σπεύδεις,
520 1446 627 1480 enixe
655 1445 726 1481 hoc
751 1447 861 1491 agis;
900 1448 938 1481 in
964 1447 1034 1482 hoc
1055 1455 1151 1482 totus
1171 1460 1232 1488 es,
1268 1454 1305 1481 ut
1332 1455 1572 1480 summovens

178 1505 323 1551 longius
344 1516 584 1553 promoveas,
618 1506 805 1555 propellas
829 1505 947 1541 litora
972 1508 1094 1541 maris
1114 1533 1126 1550 ,
1152 1507 1267 1551 Bajis
1291 1505 1567 1552 obstrepentis,

183 1567 369 1615 exquisite
405 1577 494 1613 pro,
540 1566 650 1613 Bajas
683 1566 880 1609 effluentis,
926 1568 1034 1604 litora
1070 1573 1171 1605 sinus
1209 1555 1356 1617 Bajani.
1414 1568 1567 1617 Proprie

183 1623 429 1659 submovetur
463 1636 575 1658 mare
598 1652 609 1668 ,
656 1627 808 1663 molium
851 1640 984 1676 aggere
1028 1630 1218 1666 exclusum
1256 1641 1300 1665 ac
1334 1629 1575 1679 propulsum;

181 1686 243 1729 (ut
275 1693 329 1720 est
357 1684 452 1734 apud
474 1685 600 1721 Senec.
633 1687 678 1723 de
711 1689 876 1740 Tranqu.
916 1690 988 1726 111.
1025 1693 1062 1726 in
1088 1691 1220 1727 eadem
1245 1701 1305 1724 re:
1344 1689 1574 1733 incipiemus

182 1745 354 1789 aedificia
379 1746 457 1779 alia
480 1758 645 1790 ponere,
697 1749 776 1782 alia
809 1754 1000 1795 evertere,
1042 1757 1079 1786 et
1098 1764 1205 1787 mare
1225 1751 1442 1786 submovere
1466 1751 1570 1793 cet.)

183 1815 259 1840 zum
299 1815 333 1841 et
364 1805 470 1847 litus,
506 1807 578 1842 hoc
609 1807 719 1844 modo
749 1817 973 1858 protentum.
996 1831 1043 1839 —
1064 1822 1123 1846 22.
1148 1823 1291 1856 parum
1313 1812 1480 1855 locuples
1503 1818 1578 1846 tan-

184 1880 292 1917 quam
315 1880 385 1901 non
405 1870 494 1902 satis
517 1868 616 1913 loci,
651 1872 759 1919 spatii
790 1870 912 1906 domui
937 1871 1192 1908 aedificandae
1217 1872 1264 1907 sit
1289 1873 1326 1907 in
1352 1872 1437 1918 ripa
1457 1872 1579 1906 conti·

185 1933 298 1961 neate
338 1936 457 1964 terrae
483 1931 727 1971 continentis.
773 1932 808 1966 in
835 1931 956 1967 litore.
982 1931 1084 1976 Ripa
1110 1945 1139 1967 s.
1165 1932 1252 1966 litus
1277 1933 1474 1968 continens
1500 1943 1580 1968 sua·

185 1990 280 2023 viter
310 1992 504 2038 opponitur
530 1990 655 2034 litori,
684 2000 723 2027 ut
748 1994 796 2027 ita
823 1992 969 2036 dicam,
996 1993 1210 2035 artificioso,
1233 1992 1391 2028 molibus
1417 1994 1453 2027 in
1478 2005 1577 2029 mare

171 2050 362 2085 immissis
391 2049 548 2094 effecto,
598 2051 697 2102 quod
727 2052 820 2088 adeo
859 2066 942 2103 pars
981 2055 1203 2090 continentis
1229 2067 1300 2088 non
1327 2060 1396 2089 est.
1445 2053 1580 2088 Sensus

187 2111 322 2157 igitur:
357 2114 438 2155 Tu,
476 2127 549 2163 quo
571 2113 681 2150 latius
702 2117 956 2162 possessiones
978 2124 1057 2151 tuas
1084 2116 1288 2159 extendas,
1315 2115 1384 2163 ipsi
1411 2114 1502 2149 mari
1527 2114 1580 2148 in-

185 2172 356 2208 aedificas
372 2199 382 2214 ,
410 2174 526 2222 ipsum
550 2188 649 2210 mare
671 2187 843 2227 occupas.
893 2179 970 2213 Res
992 2178 1087 2214 adeo
1113 2191 1134 2212 a
1158 2185 1266 2228 poeta
1288 2177 1326 2212 h.
1350 2176 1376 2211 l.
1402 2175 1579 2211 adornata

188 2235 245 2270 ait*
265 2259 276 2274 ,
308 2242 343 2267 ut
368 2248 438 2269 non
463 2244 535 2270 tam
561 2235 707 2282 frigoris
731 2237 902 2288 captandi
923 2247 982 2273 aut
1010 2246 1226 2288 prospectus
1254 2238 1394 2284 gratia,
1433 2244 1492 2271 aut
1515 2235 1576 2270 de·

187 2297 326 2346 nique.
365 2302 404 2329 ut
437 2297 591 2340 piscium
627 2299 892 2333 maritimorum
927 2300 1054 2350 quavis
1088 2304 1308 2348 tempestate
1347 2300 1456 2347 copia
1480 2302 1578 2332 esset

186 2357 314 2407 (quae
340 2354 419 2390 fere
458 2356 561 2403 hujus
605 2357 804 2394 moliminis
843 2371 974 2394 causae
1011 2362 1159 2401 essent)
1198 2372 1329 2411 quam,
1370 2371 1442 2410 quo
1467 2357 1576 2392 latius

189 2425 358 2465 regnaret
389 2418 569 2460 avaritia,
604 2417 709 2453 villas
741 2420 775 2453 in
802 2420 893 2453 mari
919 2419 1130 2456 aedificatas
1161 2419 1352 2463 declaret3
1390 2419 1427 2453 id
1453 2415 1576 2467 quod,

190 2487 338 2529 praeter
363 2480 624 2514 sententiarum
657 2481 792 2515 seriem
826 2481 1009 2529 (opponit
1043 2483 1138 2516 enim
1162 2480 1254 2524 sibi,
1290 2478 1410 2529 agello
1432 2476 1572 2514 Sabino

190 2548 388 2582 contento,
425 2539 579 2575 divitem
609 2552 780 2585 avarum,
814 2544 1063 2591 possessiones
1100 2555 1181 2578 suas
1216 2544 1344 2593 quovis
1367 2541 1476 2577 modo
1500 2553 1580 2576 am·

188 2601 442 2651 plisicantem)
485 2609 519 2637 et
551 2601 772 2638 elocutionis
804 2603 898 2638 ratio
939 2604 1107 2647 (parum
1138 2603 1304 2650 locuples
1331 2607 1430 2636 cont.
1464 2600 1575 2644 ripa)

195 2669 231 2699 ot
253 2674 356 2716 seqq.
383 2664 418 2698 in
441 2660 571 2714 quibus
588 2661 720 2697 climax
744 2669 799 2699 est
832 2661 974 2710 (quid?
1004 2664 1107 2710 quod
1127 2664 1226 2711 cet.)
1258 2663 1401 2700 abunde
1428 2663 1575 2700 docent.
