1779 3085
706 259 762 270 .-.
850 237 934 289 516
1017 258 1075 268 ...-

197 371 253 393 ,.σω
280 354 303 390 σ“
328 355 406 398 ε’γῶ.
434 353 514 390 Fati
540 355 697 402 rigorem
719 353 871 390 ulterius
895 351 1060 390 declarat
1095 351 1211 400 epith.
1236 359 1370 394 saeva,
1396 349 1514 394 δεινὴ,
1547 355 1587 385 et
1604 360 1613 364 ·

206 427 241 455 et
268 427 406 451 manus
427 421 544 459 aena,
571 419 631 468 qui
665 415 791 452 eadem
823 416 962 451 ratione
984 424 1106 460 pensa
1131 415 1325 450 Parcarum
1340 411 1493 459 ferrata
1526 427 1586 450 vo-

205 488 265 517 cat
291 479 479 516 Claudian-
521 479 566 514 R.
601 478 701 513 Pros.
733 478 764 512 1.
788 487 850 524 53.
884 496 929 504 ——
954 488 1023 510 nec
1046 474 1172 518 abest,
1199 475 1372 512 orationis
1391 474 1586 511 variandae

205 554 340 582 causa,
361 553 425 591 pro
452 542 576 582 tenui,
603 541 779 587 insuper,
800 543 996 587 praeterea
1021 543 1081 582 et,
1108 546 1145 573 ut
1169 538 1273 585 Virg.
1307 536 1401 571 Aen.
1428 535 1494 572 VI.
1527 539 1587 579 89.

203 612 262 648 90.
291 614 366 637 aon
390 620 435 629 —
459 600 675 646 defuerint:
703 613 771 635 nec
793 617 840 628 -—
863 600 960 634 ,luno
985 599 1128 643 aberit,
1155 608 1190 636 et
1214 600 1309 637 Aen.
1331 595 1508 637 Vl1.61o.
1521 611 1589 633 nec

203 683 244 690 -
274 661 428 696 absistit
449 661 588 695 limine
611 661 744 699 Ianus.

297 736 329 759 v.
355 733 397 759 21
425 733 506 769 sqq.
534 722 764 773 specialibus
789 726 862 771 jam
889 721 982 759 ideis
1004 725 1217 758 immoratur
1237 730 1368 772 poeta,
1394 731 1455 765 et,
1479 736 1589 775 quam

202 789 274 821 vim
305 785 466 821 Fortuna
487 785 640 821 adversa
660 785 708 820 ad
730 786 870 821 animos
898 786 1072 820 humanos
1099 783 1258 826 habeat,
1296 788 1462 836 exponit.
1497 784 1601 820 vul-⁷

201 861 324 894 gazem
358 848 606 882 sententiamx
634 846 675 880 In
699 846 851 882 adversa
878 846 1023 881 fortuna
1056 855 1194 882 restare
1230 848 1369 883 misero
1406 860 1511 897 spem
1545 854 1584 897 et

200 910 309 946 fidem
336 910 372 944 h.
399 907 489 942 fidos
514 908 653 942 amicos
671 932 681 950 ‚
706 907 770 952 (ex
790 920 917 956 oppos.
947 907 1083 953 vulgus
1104 907 1276 955 infidum
1304 922 1337 943 v.
1360 909 1587 949 25.)anima.

202 986 241 1008 re
272 969 387 1006 voluit
413 977 547 1020 poeta,
567 967 753 1004 Fortunae
775 966 1026 1008 attribuendo,
1049 979 1142 1017 quae
1171 970 1320 1016 proprie
1341 968 1388 1003 ad
1410 976 1491 1004 eum
1507 982 1587 1018 spe·

200 1040 369 1076 orarent,
397 1035 459 1083 qui
483 1033 677 1079 malignam
701 1043 784 1066 eam
806 1030 1006 1080 experitur.
1029 1029 1121 1063 Nam
1147 1041 1230 1077 spes
1257 1036 1310 1064 est
1337 1032 1373 1065 in
1408 1029 1557 1066 adflicto
1572 1042 1587 1073 ἦ

200 1096 290 1131 sides
316 1102 508 1145 spectatur
534 1095 570 1128 in
595 1094 726 1128 amicis
753 1096 844 1141 ejus.
872 1091 951 1126 Jam
975 1103 1086 1143 quum
1111 1088 1286 1125 adversas
1305 1102 1365 1127 res
1387 1098 1497 1140 poeta
1521 1102 1588 1140 pet

201 1159 325 1205 fugam
346 1172 374 1193 s.
397 1156 535 1193 abitum
562 1154 745 1191 Fortunae
772 1153 1021 1197 declarasset,
1043 1165 1194 1188 necesse
1221 1160 1322 1193 erat.
1364 1160 1402 1187 ut
1418 1152 1528 1202 Spem
1552 1160 1589 1188 et

196 1220 351 1262 Fidem,
390 1232 477 1270 quas
518 1219 553 1252 in
588 1217 735 1252 homine
771 1217 907 1251 misero
927 1222 1091 1265 perstare
1117 1214 1242 1251 dicere
1264 1214 1407 1256 vellet;
1438 1213 1590 1250 easdem

199 1281 352 1316 comites
375 1278 558 1315 Fortunae
579 1277 707 1320 datas,
733 1275 882 1313 abeunti
911 1276 1104 1312 inhaerere
1120 1301 1131 1319 ‚
1157 1288 1238 1312 eam
1259 1277 1446 1312 comitari:
1475 1275 1590 1311 falsos

200 1349 328 1377 contra
352 1342 515 1383 amicos,
540 1340 602 1390 qui
628 1339 774 1375 laetiori
801 1345 940 1373 tantum
966 1336 1148 1374 Fortunae
1181 1336 1386 1375 abhaerere
1421 1337 1590 1380 soleant,

201 1403 248 1437 ab
270 1416 312 1438 ea
345 1401 520 1438 recedere
554 1401 721 1447 fingeret.
771 1398 880 1436 Unde
913 1398 1057 1451 liquido
1093 1399 1269 1450 adparet,
1295 1400 1490 1436 Horatium
1526 1399 1590 1434 hic

200 1464 399 1499 Fortunam
421 1476 508 1497 mox
531 1463 645 1498 Deam
663 1488 674 1506 ‚
699 1475 786 1498 mox
812 1461 995 1497 fortunam
1017 1474 1046 1497 s.
1071 1460 1319 1497 conditionem
1341 1462 1499 1497 hominis
1523 1461 1596 1496 mi-

201 1537 322 1560 seram
349 1526 387 1558 in
409 1526 530 1558 animo
553 1523 747 1565 habuisse,
774 1526 899 1574 sicque
928 1526 1038 1558 totius
1065 1525 1236 1570 imaginis
1274 1526 1362 1559 satis
1398 1523 1493 1558 scite
1534 1521 1593 1556 in-

201 1585 354 1620 choatae
380 1585 497 1620 lineas
520 1585 665 1633 penitus
689 1582 939 1618 conturbasse.
966 1584 1058 1617 Nam
1079 1585 1124 1619 ad
1149 1587 1265 1621 Deam
1287 1592 1457 1634 spectant
1481 1586 1591 1619 unice

199 1645 290 1681 illa:
330 1651 524 1690 utcunque
563 1645 697 1679 domos
730 1644 896 1690 linquis.-
932 1644 1092 1694 reliqua,
1129 1648 1158 1680 si
1182 1654 1347 1681 ornatum
1371 1645 1521 1681 demas:
1551 1649 1591 1677 te

200 1719 287 1752 spes
307 1706 456 1752 etfides
478 1706 571 1739 colit
586 1731 598 1747 ‚
618 1717 686 1739 nec
710 1705 892 1740 comItem
916 1705 1099 1751 abnegat,
1120 1712 1272 1741 mutata
1293 1712 1419 1748 veste,
1445 1713 1520 1740 tum
1536 1711 1592 1740 to·

201 1777 234 1803 ta
261 1778 417 1817 sequens
443 1765 592 1815 strophe
616 1766 866 1801 conditionem
889 1779 932 1801 ac
958 1774 1090 1801 statum
1113 1768 1294 1812 hominis,
1314 1771 1418 1816 cujus
1442 1766 1590 1802 domum

197 1830 358 1866 Fortuna
383 1828 599 1879 reliquerit,
629 1827 833 1863 declarant.
868 1828 948 1862 Nisi
971 1828 1038 1861 hoe
1058 1836 1256 1872 statuatur,
1279 1840 1395 1871 sane,
1420 1841 1491 1880 qua
1512 1836 1592 1864 tan-

200 1893 288 1928 dem
320 1890 395 1926 alia
425 1891 568 1926 ratione
595 1889 870 1925 diversissimae
899 1891 991 1926 inter
1020 1901 1059 1925 se
1093 1889 1271 1938 imagines
1295 1889 1487 1925 conciliari
1505 1901 1591 1939 pos·

202 1956 276 1990 sint
297 1979 307 1995 ‚
336 1967 408 1988 non
431 1951 615 1999 intelligo.
666 1950 707 1985 In
734 1952 863 1986 vitiosa
891 1951 961 1987 hac
995 1950 1221 1987 orationihus
1253 1951 1493 1998 ambiguitate
1527 1953 1593 1987 mi·

199 2013 351 2050 randum
376 2026 449 2049 non
477 2013 620 2048 videtur
636 2039 644 2054 ,
675 2013 888 2060 Bentlejrim
909 2013 957 2049 ad
987 2014 1282 2050 emendationem
1305 2013 1343 2052 h.
1362 2014 1387 2049 l.
1408 2012 1594 2061 confugis-

199 2090 262 2119 se,
291 2090 396 2127 quam
423 2088 502 2110 cum
523 2075 744 2126 reliquorum
769 2073 894 2125 Intpp.
932 2074 1166 2125 opinionibus
1193 2087 1383 2112 excussam
1418 2073 1504 2111 vide
1553 2077 1588 2110 in

203 2138 314 2173 Obss.
342 2137 466 2173 Verba
493 2140 569 2185 ipsa
590 2139 639 2171 ita
665 2135 849 2185 jungenda
873 2135 1065 2172 videntur:
1098 2135 1145 2169 Te
1161 2163 1172 2178 ,
1194 2140 1398 2182 atcunque,
1425 2135 1591 2188 quando-

201 2210 342 2248 cunque
359 2224 368 2240 ,
395 2197 455 2232 ubi
477 2196 659 2239 inimica,
682 2199 771 2233 irata
797 2195 941 2244 linqui)
972 2197 1106 2232 domos
1129 2210 1196 2248 per
1221 2205 1254 2232 te
1288 2205 1394 2232 antea
1412 2202 1592 2243 potentes

201 2258 341 2303 factas,
369 2259 552 2294 hominem
577 2258 718 2294 divitiis
742 2259 987 2294 abundantem
1008 2259 1150 2295 deseris
1166 2285 1177 2301 ,
1200 2259 1238 2296 h.
1263 2257 1371 2294 bonis
1401 2261 1524 2305 e3uis,
1552 2265 1592 2294 et

203 2319 474 2356 calamitatibus
502 2319 678 2370 deprimis
694 2348 703 2363 ,
723 2325 877 2354 mutata
898 2325 1012 2363 veste,
1038 2328 1176 2355 mutato
1198 2319 1324 2355 habitu
1347 2320 1491 2371 (parum
1506 2318 1587 2355 sub·

201 2382 260 2417 tili
286 2379 424 2427 judicio
443 2381 489 2416 ad
516 2381 710 2417 Fortunam
736 2391 844 2432 poeta
871 2383 1010 2423 retulit,
1037 2379 1135 2434 quod
1160 2380 1310 2417 adflicto
1325 2379 1586 2430 adsignandum

200 2451 304 2483 erat;
336 2455 417 2476 nam
454 2445 484 2478 is
518 2433 632 2477 mutat
668 2452 806 2478 vestem
832 2443 1089 2493 splendidam,
1128 2451 1245 2478 sumta
1270 2441 1444 2483 sordida,
1471 2440 1583 2476 veluti

198 2517 282 2539 reus
308 2502 451 2547 sactus,
476 2504 531 2539 vel
558 2505 704 2539 omnino
729 2506 857 2554 pannis
878 2517 916 2540 se
937 2504 1113 2546 involvit,
1134 2504 1292 2554 perditis
1315 2503 1499 2547 omnibus)
1524 2515 1587 2538 co-

200 2564 251 2599 lit
268 2591 277 2607 ,
302 2573 450 2615 praesto
479 2564 545 2599 tihi
572 2573 626 2600 est
642 2592 651 2609 ,
677 2566 852 2602 adhaeret
878 2565 972 2612 Spes
999 2568 1111 2618 (quae
1140 2576 1177 2602 et
1196 2566 1286 2601 alibi
1307 2565 1486 2603 Fortunae
1510 2569 1585 2611 jun-

199 2629 319 2672 gitur,
345 2627 490 2663 diversa
517 2636 634 2661 tamen
663 2630 818 2662 ratione.
870 2628 933 2663 Sic
955 2628 1344 2665 Macedonxxxlx.
1369 2627 1497 2671 (Anal.
1520 2627 1583 2663 ΒΓ.

202 2687 270 2726 ΠΙ,
296 2690 396 2735 122.)
412 2688 571 2725 Ἐλπίδαῖ
599 2687 717 2735 Τῦχης
738 2686 876 2739 ἑταίρας
901 2698 1021 2736 vocat)
1045 2700 1222 2742 quatenus
1246 2700 1396 2741 utraque
1419 2689 1583 2725 homines
