1779 3085
660 231 1027 281 -zesm-

162 362 210 383 m
235 345 474 382 abundantes.
502 362 545 373 —-
575 342 755 381 Daunias
774 353 828 379 sc.
849 338 896 384 νῆ
912 369 922 387 ,
946 341 1107 384 Daunia,
1132 340 1280 391 Apulia,
1301 352 1322 375 a
1341 340 1468 376 Dauno
1483 352 1539 375 re-

161 423 204 456 ge
228 410 282 443 sic
307 406 419 443 dicta.
445 405 494 442 cf.
528 405 592 440 IV.
628 413 678 444 14.
712 405 769 440 26.
797 402 907 439 ovid.
929 402 1028 438 Fast·
1049 401 1114 436 IV.
1141 406 1199 447 76.
1225 401 1340 437 Silius
1363 401 1430 436 IV.
1455 405 1538 448 556.

160 484 196 506 v.
217 466 396 520 Verheyk
419 466 467 503 ad
485 467 621 503 Anton.
642 463 725 500 Lib.
749 479 785 514 p.
810 475 890 507 203.
916 462 1184 506 *militari-c,
1207 462 1327 508 ferox,
1348 462 1540 499 bellicosa.

163 543 195 564 v.
219 529 287 564 ΙΙΙ.
308 540 345 573 5.
366 539 400 572 9.
420 545 465 556 —-
488 526 561 561 alit
584 521 697 568 τρέφει
717 550 727 567 ,
746 522 859 560 habet
873 550 884 568 ,
906 531 945 558 ut
967 525 1197 574 saepissime.
1219 542 1264 553 ·-
1301 522 1392 558 latis
1415 534 1542 557 aescu-

162 591 273 633 letis,
300 590 338 624 in
361 587 554 639 profundis
574 584 752 621 saltubus.
804 585 993 631 Quaerunt
1020 582 1141 635 Intpp.
1165 596 1211 620 an
1244 586 1280 620 in
1309 584 1444 630 Apulia
1465 583 1542 634 lupi

161 655 255 693 sint3
278 650 340 687 sed
369 657 590 687 extenuatur
610 655 653 684 ac
674 648 772 698 perit
792 648 902 682 totius
921 645 994 681 loci
1019 647 1132 682 virtus
1153 674 1163 690 ,
1199 648 1230 682 si
1267 652 1413 690 poetam
1438 644 1543 680 Sabi-

160 727 247 750 num
272 726 374 749 suum
404 712 530 762 lupum
560 710 712 762 reliquis
748 708 906 745 aliarum
933 710 1123 757 regionum
1159 708 1355 744 ferocitate
1378 705 1545 758 praecel-

160 775 302 810 lentem
326 774 492 809 innuisse
515 772 724 808 existimes:
751 773 824 807 imo
846 773 1010 822 nuspiam
1030 769 1164 805 animal
1184 771 1336 819 reperiri
1358 765 1545 820 ait,‘quod

160 837 278 882 magis
300 834 475 884 adspectu
496 832 686 868 horridum
706 837 768 876 sit,
792 835 908 880 magis
925 831 1160 869 metuendum
1180 833 1241 874 sit,
1260 832 1332 871 hoc
1355 831 1435 867 fero
1449 844 1458 871 ;
1473 843 1546 881 quo

163 898 224 935 vel
251 898 323 934 adi.
352 897 504 931 leonum
532 893 674 928 nutrix
696 895 731 928 in
753 908 788 930 v.
811 906 889 946 seq.
911 893 1018 930 facile
1041 894 1155 931 ducit.
1191 905 1246 939 ¹5·
1271 911 1315 920 —
1337 891 1452 927 Iubae
1479 890 1546 925 tel·

164 961 223 994 lus
238 987 247 1002 ,
271 958 502 994 Mauretania
517 983 528 998 ,
547 955 664 991 ,Iubae
687 954 876 1002 subjecta,
910 963 997 991 nota
1024 958 1190 997 ratione,
1221 967 1291 1006 qua
1316 955 1485 1000 regiones
1511 960 1547 988 et

163 1030 291 1070 gentes
322 1019 369 1056 ab
404 1020 562 1068 ipsarum
602 1015 807 1067 conditore
829 1015 901 1061 (11.
923 1018 960 1054 6.
989 1020 1064 1064 12.)
1099 1016 1156 1053 vel
1179 1029 1284 1063 rege,
1312 1017 1372 1066 qui
1393 1014 1546 1065 reliquis

166 1090 225 1120 est
245 1083 392 1125 notior,
413 1080 665 1126 designantur.
699 1076 794 1113 Juba
819 1089 932 1120 vero,
958 1083 1097 1115 recenti
1120 1079 1225 1115 clade
1251 1092 1271 1114 a
1298 1076 1394 1112 Iulio
1419 1076 1549 1111 Caesa-

166 1158 206 1180 re
230 1149 406 1193 accepta,
425 1143 604 1178 Romanis
625 1149 703 1177 tum
729 1142 818 1176 satis
843 1148 948 1176 notus
971 1148 1062 1177 erat.
1086 1140 1221 1186 Legna
1241 1139 1357 1174 Jubae
1376 1136 1549 1173 similiter

167 1206 308 1242 Lucan.
328 1204 392 1244 IX.
425 1203 505 1250 869.
525 1222 571 1230 —-
589 1209 777 1249 generat,
803 1201 937 1245 hahet,
966 1204 1017 1238 uti
1043 1203 1167 1253 paullo
1191 1209 1274 1238 ante
1297 1199 1381 1234 alit.
1406 1218 1444 1224 —
1474 1197 1550 1232 leo-

167 1278 262 1301 num
283 1266 445 1308 nutrias,
474 1277 569 1317 quae
594 1267 733 1307 nutrit,
758 1263 869 1301 habet
894 1265 1034 1306 leones,
1063 1262 1252 1312 Sps'wrstpoc
1277 1266 1440 1305 λεόντων,
1461 1262 1553 1296 sicu—

168 1331 196 1362 ti
223 1327 385 1378 Phrygia
411 1333 561 1362 vocatur
586 1327 624 1361 in
646 1327 774 1376 Epigr.
796 1324 925 1362 ἀδεσπ.
951 1327 1028 1372 174.
1056 1328 1140 1371 (Br.
1169 1325 1278 1361 Anai.
1299 1324 1371 1358 111.
1398 1338 1435 1374 p.
1454 1321 1552 1366 184)

171 1399 208 1425 et
233 1390 299 1424 Ida
321 1390 482 1425 Homero
503 1388 551 1423 11.
570 1390 607 1423 3.
630 1397 691 1433 47.
714 1385 833 1435 μήτηρ
859 1385 996 1432 μήλων.
1034 1388 1171 1424 Contra
1193 1388 1319 1423 leones
1351 1384 1553 1421 horribiles

173 1451 317 1498 Libyae
339 1453 517 1487 alumnos
540 1451 713 1498 indigitat
739 1449 932 1488 Claudian.
958 1451 1004 1487 de
1030 1452 1139 1487 Cons.
1165 1449 1285 1485 Stilic.
1311 1447 1380 1483 111.
1395 1452 1483 1486 280.
1508 1459 1552 1482 ex

174 1514 380 1548 imitatione
400 1512 492 1547 Stat.
519 1509 613 1548 Silv.
638 1512 670 1549 Ι.
692 1516 725 1552 3.
755 1514 789 1547 6.
813 1512 959 1548 leonem
981 1512 1205 1547 Nemeaeum
1223 1520 1383 1555 gravem
1396 1508 1556 1543 Nemees

159 1573 391 1623 frondentis
419 1573 620 1606 alumnum
646 1574 822 1608 vocantis.
846 1590 891 1600 -
917 1573 1051 1613 arida,
1074 1573 1201 1607 sitiens
1217 1578 1237 1614 ,'
1254 1579 1355 1607 aestu
1379 1570 1467 1606 solis
1484 1578 1556 1605 tor-

172 1634 275 1676 rida,
309 1640 486 1683 perpetuo
520 1631 698 1683 epitheto.
731 1631 836 1679 Virg.
873 1636 971 1666 Aen.
1000 1631 1063 1665 IV.
1094 1637 1155 1676 42.
1179 1630 1327 1665 deserta
1355 1630 1423 1665 siti
1445 1629 1568 1676 regio.

175 1709 206 1732 s.
229 1703 268 1730 ut
290 1693 468 1731 Herodot.
495 1693 542 1728 Π,
566 1702 626 1737 3².
653 1695 728 1733 ait,
752 1690 898 1739 ἄνυδρος
922 1691 1055 1736 δεινῶς,
1092 1693 1148 1726 καὶ
1167 1688 1295 1738 ἔρημος
1319 1688 1457 1730 πάντων.
1483 1691 1552 1728 Sil.

174 1758 223 1792 lt.
249 1756 316 1793 111.
342 1762 423 1796 251.
444 1752 574 1788 Barce
598 1751 813 1786 sitientibus
836 1750 946 1785 arida
966 1752 1081 1787 venis.
1104 1751 1198 1787 adde
1222 1752 1360 1788 Lucan.
1386 1753 1452 1791 111.
1472 1754 1552 1800 294.

175 1818 297 1853 Docte
320 1828 406 1852 vero
431 1813 625 1864 epitheton
649 1811 694 1855 τῷ
712 1811 851 1845 nutri-v
875 1813 1050 1861 jungitur,
1071 1813 1168 1863 quod
1201 1821 1279 1850 erat
1298 1817 1484 1865 proprium
1503 1827 1555 1851 re.

178 1879 281 1926 gioni
302 1890 332 1915 s.
357 1876 479 1913 telluri
500 1873 630 1912 Jubae.

275 1951 308 1974 v.
338 1950 379 1980 ¹7
402 1957 448 1965 -—
471 1946 527 1973 22.
560 1936 863 1972 Praesentissimo
891 1936 964 1972 hoc
999 1936 1166 1987 periculo
1187 1941 1289 1989 quasi
1315 1937 1491 1974 divinitus
1516 1937 1559 1973 li-

177 2000 326 2037 beratus
358 2006 490 2048 poeta,
516 2003 665 2050 jamque
699 1999 899 2034 animosior
922 1996 1042 2034 factus
1075 2012 1113 2035 se
1137 1999 1272 2050 ubique
1299 2007 1475 2035 terrarum
1497 1998 1557 2035 vel

175 2065 218 2099 in
243 2062 506 2098 desertissimis
539 2058 749 2109 regionibus
780 2061 937 2096 suaviter
957 2067 1067 2112 atque
1090 2073 1216 2097 secure
1250 2069 1556 2097 commoraturum

178 2123 350 2162 confidit.
399 2123 470 2158 Pro
499 2122 648 2158 incultis
674 2121 884 2169 regionibus
907 2122 995 2157 duas
1017 2136 1125 2158 zonas
1150 2125 1282 2174 ponit,
1327 2136 1419 2175 quae
1439 2135 1482 2159 ex
1501 2136 1560 2159 ae·

179 2190 267 2223 ‘tatis
292 2199 377 2223 suae
400 2187 576 2235 opinione
603 2184 863 2221 inhabitabiles
883 2184 1135 2228 habebantur,
1173 2185 1371 2233 frigidam,
1395 2190 1432 2220 et
1457 2186 1559 2220 torri·

181 2247 267 2283 dam
283 2273 292 2288 ‚
319 2259 453 2298 easque
475 2246 586 2282 docto
608 2254 737 2282 ornatu
758 2246 935 2282 declarat.
975 2247 1045 2283 Pro
1070 2248 1192 2290 tenui,
1216 2247 1296 2281 sive
1314 2246 1391 2280 sim
1418 2244 1485 2281 sub
1504 2259 1561 2281 zo-

182 2321 230 2345 na
251 2308 386 2364 frigida
408 2309 467 2344 vel
490 2308 655 2352 torrida,
682 2310 902 2360 exquisitius
923 2317 1000 2352 est,
1019 2320 1121 2356 pone
1136 2335 1147 2351 ‚
1171 2307 1314 2344 colloca
1336 2321 1416 2350 me,
1436 2307 1562 2342 sedem

183 2371 278 2406 mihi
301 2370 452 2416 adsigna
479 2371 515 2404 in
545 2381 639 2405 zona
655 2368 817 2416 frigida,
838 2383 907 2420 pro
931 2370 1027 2414 hoc,
1049 2371 1085 2404 in
1108 2381 1151 2403 eo
1182 2368 1301 2403 latere
1324 2368 1460 2410 mundi,
1491 2375 1564 2403 ter-

188 2444 310 2466 rarum
340 2438 458 2466 tractu
472 2456 482 2472 ,
505 2429 569 2463 ubi
594 2430 699 2463 nulla
719 2429 830 2464 arbor
849 2432 987 2478 surgit,
1011 2431 1069 2466 vel
1091 2438 1158 2466 est·
1180 2441 1314 2482 quanto
1333 2431 1474 2466 suavius
1494 2442 1561 2478 pro

185 2492 282 2534 hoc,
317 2491 442 2526 addita
475 2491 585 2526 simul
622 2491 826 2541 sterilitatis
862 2505 968 2528 causa
1001 2491 1109 2526 nulla
1130 2490 1240 2527 arbor
1259 2490 1426 2536 aestiva,
1447 2490 1564 2541 qualis

189 2561 248 2589 ent
275 2551 365 2588 alibi
388 2553 535 2588 aestatis
557 2559 747 2602 tempore,
781 2563 875 2586 aura
899 2557 1113 2595 recreatur,
1139 2552 1306 2597 fovetur,
1330 2555 1408 2602 ipso
1431 2552 1565 2587 adflatu

190 2616 287 2651 vires
323 2615 444 2651 sumit.
476 2612 608 2648 catull.
644 2611 760 2648 LXII.
794 2625 853 2655 4¹·
886 2613 931 2650 de
957 2614 1065 2650 ssore:
1100 2628 1210 2663 quem
1231 2616 1399 2649 mulcent
1423 2625 1563 2654 aurae,

175 2677 320 2724 firmat
352 2674 434 2722 Sol,
456 2674 588 2711 educat
606 2673 739 2714 imber.
769 2675 901 2714 Sencc.
929 2676 974 2713 de
998 2677 1104 2714 Prov.
1132 2689 1164 2712 c.
1188 2676 1251 2712 lv.
1274 2675 1360 2710 Non
1381 2682 1438 2710 est
1456 2675 1565 2710 arbor
