1779 3085
768 226 823 235 -
881 168 990 259 ’652
1077 228 1130 236 „-

272 319 493 352 transeuntis
529 315 636 353 ducta
669 309 818 366 imago.⁴
862 318 1001 355 Eodem
1045 319 1152 368 plane
1191 316 1314 355 colore
1352 318 1490 355 Tibull.
1527 321 1556 356 Ι.
1592 322 1626 367 4.

271 382 327 413 28.
360 377 517 412 transiit
547 383 650 412 aetas
675 392 787 426 quarn
821 381 919 414 cito!
959 392 1033 414 non
1067 381 1189 425 segnis
1213 386 1289 416 stat
1322 386 1505 416 remeutve
1530 381 1626 414 dies.

274 439 399 483 Quam
429 439 505 473 cito
519 451 728 487 purpureos
753 440 923 487 deperdit
944 445 1044 476 term
1067 443 1231 478 colores!
1265 454 1376 489 quam
1396 441 1471 474 cito
1485 442 1628 485 formo-

269 509 332 532 sas
357 500 522 545 populus
557 500 641 535 alba
677 513 816 536 comas.
868 502 988 538 Strato
1017 503 1190 542 LXXIII.
1217 516 1250 548 3.
1286 507 1320 549 4.
1363 496 1461 539 ἄνθος
1497 498 1568 548 Ὑοῖθ
1602 516 1626 552 5

276 560 402 594 κᾶλλος
425 560 492 594 ἴσον
512 563 638 608 χρόνον
662 562 733 599 ἐστὶ
756 562 938 606 λαχόντα,
964 561 1071 600 ταῦτα
1094 562 1123 598 δ’
1151 564 1235 608 ὁμοῦ
1260 561 1415 609 φθονίωυ
1434 559 1629 608 ε’ξομα’ρανε
1653 572 1658 575 ·

271 618 401 667 χρόνος.
450 622 606 666 Honor,
641 624 749 660 decus
766 651 775 667 ,
812 624 1045 674 pulchritudo
1070 629 1137 669 (ut
1161 627 1369 673 saepissime
1394 622 1543 673 poetis)
1567 621 1632 657 1¹⁰·

270 693 347 715 nun
384 694 458 718 non
482 683 611 718 eadem
631 697 777 731 semper
802 692 882 727 est,
916 694 1093 730 mutatur,
1120 700 1189 723 non
1214 685 1405 736 perdurat,
1430 687 1544 735 petit,
1570 682 1632 718 sso-

269 753 325 775 res
349 742 422 777 cito
446 742 673 781 flaccescunt.
704 767 741 773 -
774 760 827 783 io.
862 750 987 800 Neque
1015 748 1098 784 luna
1121 756 1194 783 uno
1219 747 1424 798 eodemque
1443 747 1549 780 vultu
1571 755 1632 777 ru-

266 799 353 834 bens
387 803 507 848 nitet,
540 806 638 856 quod
667 810 773 853 copia
802 811 946 857 poetica
979 809 1114 844 dictum
1150 823 1237 860 pro,
1269 808 1396 855 rubet,
1431 809 1542 848 nitet,
1577 818 1632 841 re-

268 862 463 910 splendet·,
498 864 582 900 luna
605 880 677 901 non
713 867 865 903 eandem
888 867 1018 903 faciem
1038 879 1177 913 servat,
1215 871 1326 905 variat
1357 869 1515 910 vultum,
1551 879 1629 903 cre-

269 923 408 960 scendo
441 938 484 961 ae
507 925 781 969 decrescend0;
823 927 917 964 unde
950 934 1083 978 optime
1106 937 1305 979 temporum
1341 929 1507 964 decursio
1531 928 1630 963 facta

267 987 499 1034 perspicitur.
553 987 606 1022 Cf.
628 987 680 1023 II.
706 994 759 1027 [Β.
784 989 837 1025 16.
857 988 958 1025 Male
985 989 1046 1024 alii
1075 991 1119 1025 de
1143 987 1344 1024 rubicundo
1369 989 1490 1024 Lunae
1507 987 1632 1024 coloro

265 1044 328 1080 hic
362 1048 532 1092 cogitant.
555 1067 600 1075 —
626 1061 678 1086 11.
707 1061 760 1086 12.
791 1051 911 1096 Quum
945 1052 1053 1098 igitur
1089 1063 1142 1086 res
1162 1062 1285 1085 omnes
1312 1048 1429 1084 {luxae
1455 1050 1526 1084 sint
1543 1075 1553 1089 ,
1593 1049 1629 1084 in

266 1113 367 1140 tanta
398 1109 526 1143 aetatis
558 1109 726 1156 juvenilis
748 1110 953 1154 brevitate,
988 1110 1080 1156 quid
1094 1107 1264 1156 fatigas,
1290 1121 1457 1150 exerces,
1483 1107 1632 1155 adfligi,

266 1167 439 1201 animum
461 1169 631 1204 consiliis
645 1196 656 1214 ,
682 1171 768 1222 quid
785 1172 938 1208 consilia
960 1175 1058 1223 capis
1084 1179 1259 1215 aeterna,
1287 1185 1376 1223 quae
1398 1172 1491 1224 vitae
1511 1171 1633 1205 huma-

265 1241 333 1264 nae
373 1231 528 1278 spatium
563 1231 824 1277 egrediuntur-3
873 1240 1041 1284 tanquam
1075 1233 1287 1268 immortalis
1324 1236 1394 1274 sis;
1435 1239 1499 1268 *cur
1538 1232 1632 1268 futu·

267 1290 299 1323 ri
331 1292 503 1339 temporis
533 1293 756 1338 cogitatione
795 1293 1036 1342 perturbaris,
1086 1296 1180 1330 curis
1215 1297 1374 1330 animum
1407 1293 1528 1329 obruis
1563 1294 1633 1328 mi-

269 1360 424 1394 norem,
462 1351 592 1402 quibus
617 1365 679 1402 par
706 1366 780 1389 non
799 1363 876 1398 est,
916 1354 1044 1406 quibus
1078 1354 1301 1393 succumbit,
1339 1353 1468 1406 quibus
1491 1356 1636 1404 penitus

268 1409 465 1458 adfligitur.
515 1413 622 1449 Forte
644 1423 763 1450 tamen
783 1420 898 1464 major
912 1419 961 1453 vis
979 1418 1178 1452 sententiae
1201 1416 1367 1457 accedit,
1391 1418 1420 1452 si
1443 1415 1610 1464 explices
1625 1442 1637 1458 ,

269 1473 357 1522 quid
391 1474 485 1509 curis
530 1473 639 1510 futuri
677 1483 864 1525 tantopere
912 1484 946 1512 te
978 1478 1189 1520 excrucias,
1233 1479 1404 1527 ‘tanquam
1446 1484 1633 1511 aeternum

270 1534 426 1567 victurus
448 1536 513 1574 sis,
536 1545 615 1569 cum
641 1536 767 1569 minor
786 1539 860 1577 sis,
896 1550 975 1571 cum
1002 1539 1096 1572 vitae
1123 1546 1203 1572 tuae
1234 1537 1344 1572 breve
1369 1537 1562 1573 admodum
1584 1537 1634 1571 sit

270 1596 425 1642 spatium
440 1620 450 1636 ,
480 1602 518 1629 ut
537 1599 675 1631 animus
692 1595 820 1638 minor
840 1606 1042 1646 opponatur
1067 1598 1229 1631 aeternis
1252 1598 1415 1634 consiliis
1429 1624 1441 1642 ‚
1468 1601 1563 1633 curis
1587 1596 1632 1634 de

271 1656 345 1688 vita
369 1655 601 1703 sempiterna.

363 1725 396 1752 v.
420 1716 474 1752 13.
498 1728 578 1766 sqq.
626 1715 724 1759 Quin
753 1715 874 1763 abjice
906 1729 1013 1750 vanas
1048 1717 1134 1750 istas
1168 1728 1294 1757 curas,
1328 1730 1395 1753 nec
1429 1730 1599 1786 praesens
1620 1746 1633 1762 ,

269 1789 341 1826 quo
373 1774 443 1810 frui
463 1775 573 1818 licet,
605 1784 740 1814 temere
771 1775 838 1811 tibi
864 1775 959 1811 elabi
986 1784 1124 1825 tempus
1150 1778 1240 1812 sine·
1290 1773 1458 1813 Solemus
1491 1779 1632 1814 Horatii

270 1836 317 1872 ab
348 1844 496 1883 angusto
518 1836 718 1888 eodemque
741 1838 880 1874 incerto
901 1840 992 1873 vitae
1017 1840 1196 1881 termino,
1231 1851 1274 1873 ne
1304 1840 1510 1887 praesentis
1546 1848 1635 1875 tem-

268 1899 367 1947 poris
395 1898 549 1934 fructum
572 1898 800 1943 deseramus,
830 1908 888 1936 aut
917 1901 951 1933 in
976 1902 1173 1937 crastinum
1210 1897 1439 1944 differamus,
1475 1900 1638 1937 admoni-

270 1962 335 1996 tio.
372 1959 428 1995 Cf.
462 1962 492 1995 1.
516 1971 550 2004 4.
585 1966 639 1999 15.
673 1969 706 1996 et
734 1969 768 2003 9,
800 1969 855 2002 13.
888 1958 935 1993 11.
968 1964 1080 2001 3.15.
1113 1960 1177 1996 IV.
1207 1971 1241 2006 7.
1270 1971 1306 2005 7.
1334 1968 1367 1997 et
1398 1971 1454 1999 12.
1492 1961 1546 1997 26.
1586 1959 1636 1999 V,

270 2030 326 2061 13.
363 2023 397 2057 3.
455 2020 589 2056 Miram
625 2034 708 2058 vero
735 2021 909 2063 ἐνέργειαν
934 2021 1067 2065 habet,
1113 2021 1209 2073 quod
1234 2031 1361 2070 poeta,
1398 2024 1433 2058 in
1468 2021 1550 2057 aliis
1579 2023 1634 2056 hi·

270 2081 424 2117 laritatis
458 2095 600 2117 sensum
626 2076 880 2123 excitaturus,
918 2084 993 2132 ipse
1019 2085 1052 2116 in
1080 2083 1263 2133 voluptate
1290 2085 1390 2135 quasi
1411 2083 1634 2126 bacchatur,

270 2142 441 2194 illicoque
473 2145 779 2193 computationem
798 2145 836 2178 in
861 2156 1012 2179 amoena
1035 2146 1184 2191 regione
1208 2145 1295 2197 (qua
1317 2145 1412 2182 ferre
1435 2147 1564 2180 Noster
1589 2146 1641 2179 vi-

272 2211 328 2239 tae
353 2206 544 2240 suavitates
580 2206 763 2250 declarat3
802 2220 833 2240 v.
861 2206 908 2240 ΙΙ.
939 2216 971 2247 3.
998 2217 1032 2249 9.
1056 2214 1090 2242 et
1123 2206 1169 2241 ad
1189 2207 1218 2241 1.
1237 2218 1268 2241 ι.
1293 2208 1365 2250 19.)
1388 2205 1486 2254 jubet
1513 2207 1642 2240 instru-

272 2277 358 2306 ere,
398 2267 678 2317 instructamque
715 2271 788 2315 jam
823 2269 941 2302 animo
980 2268 1207 2316 praecipiens
1235 2271 1406 2318 convivas
1424 2266 1480 2302 'ad
1513 2264 1641 2300 hiben-

272 2325 356 2360 dum
377 2327 596 2362 exhortatur.
623 2328 680 2364 Cf.
703 2330 751 2364 ΙΙ.
772 2340 806 2373 3.
833 2341 961 2379 9.sqq.
986 2329 1105 2371 Ipsam
1133 2342 1276 2379 quoque
1293 2329 1493 2364 orationem
1517 2325 1639 2361 vivido

271 2387 342 2422 hoe
371 2396 499 2436 poetae
525 2388 672 2424 adfectu
704 2389 872 2424 adflatam
902 2391 1166 2440 animatamque
1199 2389 1307 2425 facile
1333 2388 1518 2425 observes.
1565 2387 1639 2422 Pro

271 2447 401 2483 umbra
422 2448 591 2485 arborum
620 2452 653 2484 in
677 2463 807 2496 genere
834 2464 913 2486 cum
942 2450 1081 2486 dilectu
1109 2458 1354 2486 memorantur
1379 2453 1482 2499 pinus
1507 2456 1540 2483 et
1559 2447 1641 2493 pla-

271 2515 404 2554 tanus,
440 2511 730 2562 quandoquidem
752 2514 820 2548 ista
847 2512 954 2549 arhor
976 2513 1121 2559 patulis
1143 2513 1283 2561 dgffusa
1305 2511 1438 2553 ramis,
1463 2510 1562 2553 (Cic.
1593 2508 1639 2544 de

274 2571 374 2607 Orat.
398 2571 425 2607 Ι.
448 2573 509 2616 7.)
547 2572 756 2618 ἀμφιλαφής
782 2573 920 2622 (Apoll.
951 2574 1028 2607 Rh.
1059 2572 1108 2607 Il.
1131 2575 1229 2619 735.)
1246 2570 1466 2619 potantibus
1486 2568 1640 2604 umbras

274 2631 498 2676 ministrat,
546 2633 651 2680 Virg.
682 2634 753 2670 Ge.
789 2634 853 2670 lv.
894 2634 971 2676 146·
1006 2634 1117 2677 Facit,
1149 2635 1220 2671 hnc
1264 2633 1426 2670 Platonis
1465 2631 1566 2668 locus
1603 2631 1638 2663 in
