<?xml version="1.0" encoding="UTF-8"?>
<!DOCTYPE html PUBLIC "-//W3C//DTD XHTML 1.0 Transitional//EN"
    "http://www.w3.org/TR/xhtml1/DTD/xhtml1-transitional.dtd">
<html xmlns="http://www.w3.org/1999/xhtml" xml:lang="en" lang="en">
 <head>
  <title>
</title>
<meta http-equiv="Content-Type" content="text/html;charset=utf-8" />
  <meta name='ocr-system' content='tesseract 3.04.00' />
  <meta name='ocr-capabilities' content='ocr_page ocr_carea ocr_par ocr_line ocrx_word'/>
</head>
<body>
  <div class='ocr_page' id='page_1' title='image "./quintihoratiifla01horauoft_0663.png"; bbox 0 0 1779 3085; ppageno 0'>
   <div class='ocr_carea' id='block_1_1' title="bbox 0 256 43 3085">
    <p class='ocr_par' dir='ltr' id='par_1_1' title="bbox 0 256 43 3085">
     <span class='ocr_line' id='line_1_1' title="bbox 0 256 43 3085; baseline 0 0"><span class='ocrx_word' id='word_1_1' title='bbox 0 256 43 3085; x_wconf 95' lang='lat' dir='ltr'> </span> 
     </span>
    </p>
   </div>
   <div class='ocr_carea' id='block_1_2' title="bbox 613 235 985 290">
    <p class='ocr_par' dir='ltr' id='par_1_2' title="bbox 613 235 985 290">
     <span class='ocr_line' id='line_1_2' title="bbox 613 235 985 290; baseline 0.005 -25"><span class='ocrx_word' id='word_1_2' title='bbox 613 235 985 290; x_wconf 58' lang='lat'><strong>—659-</strong></span> 
     </span>
    </p>
   </div>
   <div class='ocr_carea' id='block_1_3' title="bbox 99 349 1504 1695">
    <p class='ocr_par' dir='ltr' id='par_1_3' title="bbox 99 349 1496 1134">
     <span class='ocr_line' id='line_1_3' title="bbox 107 349 1489 398; baseline 0 -10"><span class='ocrx_word' id='word_1_3' title='bbox 107 351 183 388; x_wconf 76' lang='lat' dir='ltr'>Alii</span> <span class='ocrx_word' id='word_1_4' title='bbox 210 352 260 386; x_wconf 81' lang='lat' dir='ltr'>ita</span> <span class='ocrx_word' id='word_1_5' title='bbox 286 354 454 398; x_wconf 84' lang='lat' dir='ltr'>jungunt:</span> <span class='ocrx_word' id='word_1_6' title='bbox 486 349 594 386; x_wconf 86' lang='lat' dir='ltr'>Musa</span> <span class='ocrx_word' id='word_1_7' title='bbox 616 363 674 386; x_wconf 88' lang='lat' dir='ltr'>me</span> <span class='ocrx_word' id='word_1_8' title='bbox 700 349 771 386; x_wconf 83' lang='lat' dir='ltr'>vol.</span> <span class='ocrx_word' id='word_1_9' title='bbox 798 350 924 386; x_wconf 82' lang='lat' dir='ltr'>dulces</span> <span class='ocrx_word' id='word_1_10' title='bbox 943 357 1070 385; x_wconf 83' lang='lat' dir='ltr'>cantus</span> <span class='ocrx_word' id='word_1_11' title='bbox 1103 349 1250 397; x_wconf 82' lang='lat' dir='ltr'>dicere&#39;,</span> <span class='ocrx_word' id='word_1_12' title='bbox 1277 351 1403 396; x_wconf 74' lang='lat' dir='ltr'>edere,</span> <span class='ocrx_word' id='word_1_13' title='bbox 1428 353 1489 387; x_wconf 83' lang='lat' dir='ltr'>Li-</span> 
     </span>
     <span class='ocr_line' id='line_1_4' title="bbox 109 411 1491 465; baseline 0.001 -19"><span class='ocrx_word' id='word_1_14' title='bbox 109 415 276 458; x_wconf 74' lang='lat' dir='ltr'>cymniae</span> <span class='ocrx_word' id='word_1_15' title='bbox 307 414 434 455; x_wconf 86' lang='lat' dir='ltr'>(tertio</span> <span class='ocrx_word' id='word_1_16' title='bbox 465 413 564 451; x_wconf 85' lang='lat' dir='ltr'>casu)</span> <span class='ocrx_word' id='word_1_17' title='bbox 585 411 816 460; x_wconf 72' lang='lat' dir='ltr'>Licymniam</span> <span class='ocrx_word' id='word_1_18' title='bbox 844 412 1054 455; x_wconf 54' lang='lat' dir='ltr'>celebrum</span> <span class='ocrx_word' id='word_1_19' title='bbox 1085 412 1150 448; x_wconf 86' lang='lat' dir='ltr'>sed</span> <span class='ocrx_word' id='word_1_20' title='bbox 1189 415 1404 465; x_wconf 75' lang='lat' dir='ltr'>exquisitior</span> <span class='ocrx_word' id='word_1_21' title='bbox 1433 421 1491 450; x_wconf 81' lang='lat' dir='ltr'>est</span> 
     </span>
     <span class='ocr_line' id='line_1_5' title="bbox 105 474 1488 524; baseline 0.002 -18"><span class='ocrx_word' id='word_1_22' title='bbox 105 475 226 509; x_wconf 84' lang='lat' dir='ltr'>altera</span> <span class='ocrx_word' id='word_1_23' title='bbox 250 475 355 513; x_wconf 78' lang='lat' dir='ltr'>ratio.</span> <span class='ocrx_word' id='word_1_24' title='bbox 382 486 452 524; x_wconf 80' lang='lat' dir='ltr'>qua</span> <span class='ocrx_word' id='word_1_25' title='bbox 484 481 594 521; x_wconf 87' lang='lat' dir='ltr'>poeta</span> <span class='ocrx_word' id='word_1_26' title='bbox 629 476 664 508; x_wconf 86' lang='lat' dir='ltr'>in</span> <span class='ocrx_word' id='word_1_27' title='bbox 695 474 911 524; x_wconf 82' lang='lat' dir='ltr'>Licymniae</span> <span class='ocrx_word' id='word_1_28' title='bbox 950 474 1075 511; x_wconf 81' lang='lat' dir='ltr'>landes</span> <span class='ocrx_word' id='word_1_29' title='bbox 1107 478 1230 511; x_wconf 84' lang='lat' dir='ltr'>statim</span> <span class='ocrx_word' id='word_1_30' title='bbox 1266 476 1488 524; x_wconf 73' lang='lat' dir='ltr'>digreditur.</span> 
     </span>
     <span class='ocr_line' id='line_1_6' title="bbox 108 534 1489 590; baseline 0.003 -20"><span class='ocrx_word' id='word_1_31' title='bbox 108 535 205 570; x_wconf 86' lang='lat' dir='ltr'>Tum</span> <span class='ocrx_word' id='word_1_32' title='bbox 231 537 346 584; x_wconf 78' lang='lat' dir='ltr'>epith.</span> <span class='ocrx_word' id='word_1_33' title='bbox 374 534 500 567; x_wconf 76' lang='lat' dir='ltr'>dulces</span> <span class='ocrx_word' id='word_1_34' title='bbox 524 535 577 568; x_wconf 63' lang='lat' dir='ltr'>sio</span> <span class='ocrx_word' id='word_1_35' title='bbox 602 535 737 570; x_wconf 63' lang='lat' dir='ltr'>nnllam</span> <span class='ocrx_word' id='word_1_36' title='bbox 764 537 843 572; x_wconf 77' lang='lat' dir='ltr'>lere</span> <span class='ocrx_word' id='word_1_37' title='bbox 870 539 943 572; x_wconf 86' lang='lat' dir='ltr'>vim</span> <span class='ocrx_word' id='word_1_38' title='bbox 964 537 1085 573; x_wconf 78' lang='lat' dir='ltr'>habet.</span> <span class='ocrx_word' id='word_1_39' title='bbox 1135 536 1255 572; x_wconf 86' lang='lat' dir='ltr'>Etiam</span> <span class='ocrx_word' id='word_1_40' title='bbox 1281 550 1362 590; x_wconf 81' lang='lat' dir='ltr'>sqq.</span> <span class='ocrx_word' id='word_1_41' title='bbox 1394 547 1489 575; x_wconf 87' lang='lat' dir='ltr'>stant</span> 
     </span>
     <span class='ocr_line' id='line_1_7' title="bbox 109 593 1490 648; baseline 0.004 -18"><span class='ocrx_word' id='word_1_42' title='bbox 109 610 176 647; x_wconf 87' lang='lat' dir='ltr'>pro</span> <span class='ocrx_word' id='word_1_43' title='bbox 202 597 317 632; x_wconf 84' lang='lat' dir='ltr'>altera</span> <span class='ocrx_word' id='word_1_44' title='bbox 348 598 502 630; x_wconf 80' lang='lat' dir='ltr'>ratione.</span> <span class='ocrx_word' id='word_1_45' title='bbox 533 593 737 636; x_wconf 79' lang='lat' dir='ltr'>Dominae,</span> <span class='ocrx_word' id='word_1_46' title='bbox 761 606 900 634; x_wconf 77' lang='lat' dir='ltr'>amatae</span> <span class='ocrx_word' id='word_1_47' title='bbox 925 611 945 633; x_wconf 87' lang='lat' dir='ltr'>a</span> <span class='ocrx_word' id='word_1_48' title='bbox 966 612 1047 639; x_wconf 89' lang='lat' dir='ltr'>me;</span> <span class='ocrx_word' id='word_1_49' title='bbox 1070 606 1154 633; x_wconf 86' lang='lat' dir='ltr'>noto</span> <span class='ocrx_word' id='word_1_50' title='bbox 1173 598 1346 648; x_wconf 83' lang='lat' dir='ltr'>loquendi</span> <span class='ocrx_word' id='word_1_51' title='bbox 1372 612 1490 635; x_wconf 81' lang='lat' dir='ltr'>more.</span> 
     </span>
     <span class='ocr_line' id='line_1_8' title="bbox 108 656 1492 710; baseline 0.004 -22"><span class='ocrx_word' id='word_1_52' title='bbox 108 679 155 686; x_wconf 90' lang='lat'><em>-</em></span> <span class='ocrx_word' id='word_1_53' title='bbox 191 659 326 693; x_wconf 74' lang='lat' dir='ltr'>Oculos</span> <span class='ocrx_word' id='word_1_54' title='bbox 346 657 529 698; x_wconf 82' lang='lat' dir='ltr'>lucidum,</span> <span class='ocrx_word' id='word_1_55' title='bbox 557 656 680 693; x_wconf 80' lang='lat' dir='ltr'>lucide</span> <span class='ocrx_word' id='word_1_56' title='bbox 694 659 914 705; x_wconf 79' lang='lat' dir='ltr'><em>fulgentes,</em></span> <span class='ocrx_word' id='word_1_57' title='bbox 939 659 1087 703; x_wconf 67' lang='grc' dir='ltr'><em>ὄμματα</em></span> <span class='ocrx_word' id='word_1_58' title='bbox 1101 666 1362 705; x_wconf 53' lang='grc' dir='ltr'>μαρμαίροντα,</span> <span class='ocrx_word' id='word_1_59' title='bbox 1388 669 1492 710; x_wconf 84' lang='lat' dir='ltr'>parte</span> 
     </span>
     <span class='ocr_line' id='line_1_9' title="bbox 108 719 1493 770; baseline 0 -12"><span class='ocrx_word' id='word_1_60' title='bbox 108 729 246 758; x_wconf 80' lang='lat' dir='ltr'>tantum</span> <span class='ocrx_word' id='word_1_61' title='bbox 273 719 569 770; x_wconf 76' lang='lat' dir='ltr'>pulchritudinis*</span> <span class='ocrx_word' id='word_1_62' title='bbox 587 722 665 766; x_wconf 83' lang='lat' dir='ltr'>ejus</span> <span class='ocrx_word' id='word_1_63' title='bbox 691 719 850 755; x_wconf 78' lang='lat' dir='ltr'>laudata.</span> <span class='ocrx_word' id='word_1_64' title='bbox 877 739 921 747; x_wconf 95' lang='lat'>—</span> <span class='ocrx_word' id='word_1_65' title='bbox 949 730 1006 767; x_wconf 78' lang='lat'>15.</span> <span class='ocrx_word' id='word_1_66' title='bbox 1031 721 1084 756; x_wconf 87' lang='lat'>16.</span> <span class='ocrx_word' id='word_1_67' title='bbox 1104 720 1148 754; x_wconf 83' lang='lat' dir='ltr'>Et</span> <span class='ocrx_word' id='word_1_68' title='bbox 1171 720 1302 763; x_wconf 82' lang='lat' dir='ltr'>fidem,</span> <span class='ocrx_word' id='word_1_69' title='bbox 1326 730 1493 758; x_wconf 86' lang='lat' dir='ltr'>constan·</span> 
     </span>
     <span class='ocr_line' id='line_1_10' title="bbox 108 779 1493 834; baseline -0.001 -15"><span class='ocrx_word' id='word_1_70' title='bbox 108 786 194 819; x_wconf 79' lang='lat' dir='ltr'>tiam</span> <span class='ocrx_word' id='word_1_71' title='bbox 226 786 304 830; x_wconf 78' lang='lat' dir='ltr'>ejus</span> <span class='ocrx_word' id='word_1_72' title='bbox 331 784 367 816; x_wconf 89' lang='lat' dir='ltr'>in</span> <span class='ocrx_word' id='word_1_73' title='bbox 389 794 524 816; x_wconf 84' lang='lat' dir='ltr'>amore.</span> <span class='ocrx_word' id='word_1_74' title='bbox 551 779 828 825; x_wconf 73' lang='lat' dir='ltr'>Pectusfidum</span> <span class='ocrx_word' id='word_1_75' title='bbox 853 780 1045 817; x_wconf 78' lang='lat' dir='ltr'>amoribus</span> <span class='ocrx_word' id='word_1_76' title='bbox 1066 780 1212 814; x_wconf 76' lang='lat' dir='ltr'>mutuis</span> <span class='ocrx_word' id='word_1_77' title='bbox 1235 783 1396 825; x_wconf 81' lang='lat' dir='ltr'>animus,</span> <span class='ocrx_word' id='word_1_78' title='bbox 1428 785 1493 834; x_wconf 80' lang='lat' dir='ltr'>qui</span> 
     </span>
     <span class='ocr_line' id='line_1_11' title="bbox 104 841 1490 894; baseline 0 -16"><span class='ocrx_word' id='word_1_79' title='bbox 104 844 218 879; x_wconf 76' lang='lat' dir='ltr'>fidem</span> <span class='ocrx_word' id='word_1_80' title='bbox 245 846 404 879; x_wconf 82' lang='lat' dir='ltr'>vicissim</span> <span class='ocrx_word' id='word_1_81' title='bbox 427 851 549 878; x_wconf 79' lang='lat' dir='ltr'>servat</span> <span class='ocrx_word' id='word_1_82' title='bbox 572 844 604 876; x_wconf 94' lang='lat' dir='ltr'>in</span> <span class='ocrx_word' id='word_1_83' title='bbox 625 855 747 878; x_wconf 81' lang='lat' dir='ltr'>amore</span> <span class='ocrx_word' id='word_1_84' title='bbox 763 869 773 884; x_wconf 89' lang='lat'>‚</span> <span class='ocrx_word' id='word_1_85' title='bbox 796 846 857 894; x_wconf 82' lang='lat' dir='ltr'>qui</span> <span class='ocrx_word' id='word_1_86' title='bbox 893 851 1101 880; x_wconf 68' lang='lat' dir='ltr'>constanter</span> <span class='ocrx_word' id='word_1_87' title='bbox 1143 841 1316 878; x_wconf 81' lang='lat' dir='ltr'>redamat.</span> <span class='ocrx_word' id='word_1_88' title='bbox 1367 842 1490 881; x_wconf 86' lang='lat' dir='ltr'>Amor</span> 
     </span>
     <span class='ocr_line' id='line_1_12' title="bbox 99 896 1496 953; baseline 0.002 -14"><span class='ocrx_word' id='word_1_89' title='bbox 99 896 193 939; x_wconf 67' lang='lat' dir='ltr'>‘Irene</span> <span class='ocrx_word' id='word_1_90' title='bbox 218 909 392 944; x_wconf 79' lang='lat' dir='ltr'>mutuus,</span> <span class='ocrx_word' id='word_1_91' title='bbox 428 905 498 949; x_wconf 87' lang='lat' dir='ltr'>(ita</span> <span class='ocrx_word' id='word_1_92' title='bbox 521 905 617 940; x_wconf 84' lang='lat' dir='ltr'>enirn</span> <span class='ocrx_word' id='word_1_93' title='bbox 641 906 762 950; x_wconf 77' lang='lat' dir='ltr'>junge·</span> <span class='ocrx_word' id='word_1_94' title='bbox 787 903 886 939; x_wconf 83' lang='lat' dir='ltr'>Male</span> <span class='ocrx_word' id='word_1_95' title='bbox 911 904 996 952; x_wconf 80' lang='lat' dir='ltr'>alii:</span> <span class='ocrx_word' id='word_1_96' title='bbox 1027 903 1311 951; x_wconf 82' lang='lat' dir='ltr'>benefidump.</span> <span class='ocrx_word' id='word_1_97' title='bbox 1333 905 1496 953; x_wconf 80' lang='lat' dir='ltr'>languet)</span> 
     </span>
     <span class='ocr_line' id='line_1_13' title="bbox 105 963 1493 1018; baseline 0.001 -17"><span class='ocrx_word' id='word_1_98' title='bbox 105 969 165 1018; x_wconf 82' lang='lat' dir='ltr'>qui</span> <span class='ocrx_word' id='word_1_99' title='bbox 193 966 348 1001; x_wconf 69' lang='lat' dir='ltr'>alterum</span> <span class='ocrx_word' id='word_1_100' title='bbox 373 969 485 1012; x_wconf 78' lang='lat' dir='ltr'>juvat,</span> <span class='ocrx_word' id='word_1_101' title='bbox 511 979 580 1015; x_wconf 75' lang='lat' dir='ltr'>quo</span> <span class='ocrx_word' id='word_1_102' title='bbox 593 963 823 999; x_wconf 64' lang='lat' dir='ltr'>beatissimus</span> <span class='ocrx_word' id='word_1_103' title='bbox 850 965 918 999; x_wconf 87' lang='lat' dir='ltr'>sibi</span> <span class='ocrx_word' id='word_1_104' title='bbox 946 973 1081 1001; x_wconf 82' lang='lat' dir='ltr'>amator</span> <span class='ocrx_word' id='word_1_105' title='bbox 1104 966 1261 1001; x_wconf 80' lang='lat' dir='ltr'>videtur.</span> <span class='ocrx_word' id='word_1_106' title='bbox 1284 966 1493 1012; x_wconf 78' lang='lat' dir='ltr'>Juvatlzoc&#39;,</span> 
     </span>
     <span class='ocr_line' id='line_1_14' title="bbox 110 1024 1494 1075; baseline -0.001 -13"><span class='ocrx_word' id='word_1_107' title='bbox 110 1027 295 1069; x_wconf 63' lang='lat' dir='ltr'>Cet-inme,</span> <span class='ocrx_word' id='word_1_108' title='bbox 320 1026 423 1072; x_wconf 75' lang='lat' dir='ltr'><em>quod</em></span> <span class='ocrx_word' id='word_1_109' title='bbox 441 1035 545 1067; x_wconf 80' lang='lat' dir='ltr'><strong><em>uror,</em></strong></span> <span class='ocrx_word' id='word_1_110' title='bbox 572 1024 602 1058; x_wconf 84' lang='lat' dir='ltr'>si</span> <span class='ocrx_word' id='word_1_111' title='bbox 622 1024 693 1059; x_wconf 76' lang='lat' dir='ltr'>tibi</span> <span class='ocrx_word' id='word_1_112' title='bbox 713 1026 757 1059; x_wconf 82' lang='lat' dir='ltr'>de</span> <span class='ocrx_word' id='word_1_113' title='bbox 783 1025 890 1060; x_wconf 81' lang='lat' dir='ltr'>nobis</span> <span class='ocrx_word' id='word_1_114' title='bbox 910 1033 1066 1061; x_wconf 80' lang='lat' dir='ltr'>mutuus</span> <span class='ocrx_word' id='word_1_115' title='bbox 1081 1028 1183 1075; x_wconf 80' lang='lat' dir='ltr'>ignis</span> <span class='ocrx_word' id='word_1_116' title='bbox 1202 1029 1324 1073; x_wconf 82' lang='lat' dir='ltr'>adest,</span> <span class='ocrx_word' id='word_1_117' title='bbox 1348 1029 1494 1066; x_wconf 69' lang='lat' dir='ltr'>Ti&#39;bull.</span> 
     </span>
     <span class='ocr_line' id='line_1_15' title="bbox 108 1081 443 1134; baseline 0.018 -10"><span class='ocrx_word' id='word_1_118' title='bbox 108 1090 171 1124; x_wconf 82' lang='lat' dir='ltr'>1v.</span> <span class='ocrx_word' id='word_1_119' title='bbox 194 1101 228 1134; x_wconf 82' lang='lat'>5.</span> <span class='ocrx_word' id='word_1_120' title='bbox 255 1096 289 1129; x_wconf 88' lang='lat'>5·</span> <span class='ocrx_word' id='word_1_121' title='bbox 439 1081 443 1085; x_wconf 82' lang='grc'><em>“</em></span> 
     </span>
    </p>

    <p class='ocr_par' dir='ltr' id='par_1_4' title="bbox 105 1150 1504 1695">
     <span class='ocr_line' id='line_1_16' title="bbox 202 1150 1497 1202; baseline 0.008 -18"><span class='ocrx_word' id='word_1_122' title='bbox 202 1163 236 1184; x_wconf 86' lang='grc' dir='ltr'>υ.</span> <span class='ocrx_word' id='word_1_123' title='bbox 264 1161 301 1190; x_wconf 89' lang='lat'>¹7</span> <span class='ocrx_word' id='word_1_124' title='bbox 327 1168 368 1176; x_wconf 95' lang='lat'>—</span> <span class='ocrx_word' id='word_1_125' title='bbox 394 1159 452 1186; x_wconf 82' lang='lat'>20.</span> <span class='ocrx_word' id='word_1_126' title='bbox 489 1150 592 1195; x_wconf 85' lang='lat' dir='ltr'>Quae</span> <span class='ocrx_word' id='word_1_127' title='bbox 626 1158 660 1185; x_wconf 85' lang='lat' dir='ltr'>et</span> <span class='ocrx_word' id='word_1_128' title='bbox 701 1152 735 1184; x_wconf 88' lang='lat' dir='ltr'>in</span> <span class='ocrx_word' id='word_1_129' title='bbox 772 1153 901 1202; x_wconf 80' lang='lat' dir='ltr'>quovis</span> <span class='ocrx_word' id='word_1_130' title='bbox 935 1152 1138 1190; x_wconf 75' lang='lat' dir='ltr'>saltationis</span> <span class='ocrx_word' id='word_1_131' title='bbox 1169 1167 1303 1201; x_wconf 84' lang='lat' dir='ltr'>genere</span> <span class='ocrx_word' id='word_1_132' title='bbox 1330 1157 1497 1194; x_wconf 82' lang='lat' dir='ltr'>excellit.</span> 
     </span>
     <span class='ocr_line' id='line_1_17' title="bbox 109 1211 1496 1262; baseline 0.006 -16"><span class='ocrx_word' id='word_1_133' title='bbox 109 1213 195 1247; x_wconf 81' lang='lat' dir='ltr'>Non</span> <span class='ocrx_word' id='word_1_134' title='bbox 221 1212 406 1252; x_wconf 80' lang='lat' dir='ltr'>dedecuit,</span> <span class='ocrx_word' id='word_1_135' title='bbox 433 1211 591 1247; x_wconf 80' lang='lat' dir='ltr'><strong>dedecet</strong></span> <span class='ocrx_word' id='word_1_136' title='bbox 616 1211 815 1256; x_wconf 59' lang='lat' dir='ltr'>(inplorans)</span> <span class='ocrx_word' id='word_1_137' title='bbox 844 1226 924 1249; x_wconf 83' lang='lat' dir='ltr'>eam</span> <span class='ocrx_word' id='word_1_138' title='bbox 937 1216 1047 1262; x_wconf 70' lang='lat' dir='ltr'>jierre</span> <span class='ocrx_word' id='word_1_139' title='bbox 1068 1216 1218 1261; x_wconf 85' lang='lat' dir='ltr'>pedem,</span> <span class='ocrx_word' id='word_1_140' title='bbox 1247 1218 1418 1255; x_wconf 82' lang='lat' dir='ltr'>incedere</span> <span class='ocrx_word' id='word_1_141' title='bbox 1439 1225 1496 1262; x_wconf 88' lang='lat' dir='ltr'>(ut</span> 
     </span>
     <span class='ocr_line' id='line_1_18' title="bbox 112 1272 1497 1326; baseline 0.004 -16"><span class='ocrx_word' id='word_1_142' title='bbox 112 1275 278 1313; x_wconf 81' lang='lat' dir='ltr'>Tib.11.</span> <span class='ocrx_word' id='word_1_143' title='bbox 306 1286 335 1309; x_wconf 89' lang='lat'>1</span> <span class='ocrx_word' id='word_1_144' title='bbox 362 1275 438 1317; x_wconf 79' lang='lat'>30.)</span> <span class='ocrx_word' id='word_1_145' title='bbox 462 1272 499 1310; x_wconf 83' lang='lat' dir='ltr'>li</span> <span class='ocrx_word' id='word_1_146' title='bbox 529 1273 704 1308; x_wconf 78' lang='lat' dir='ltr'>(lecenter</span> <span class='ocrx_word' id='word_1_147' title='bbox 730 1299 742 1314; x_wconf 85' lang='lat'>‚</span> <span class='ocrx_word' id='word_1_148' title='bbox 778 1276 867 1309; x_wconf 79' lang='lat' dir='ltr'>scite</span> <span class='ocrx_word' id='word_1_149' title='bbox 894 1285 1015 1311; x_wconf 80' lang='lat' dir='ltr'>movet</span> <span class='ocrx_word' id='word_1_150' title='bbox 1037 1279 1167 1326; x_wconf 82' lang='lat' dir='ltr'>pedem</span> <span class='ocrx_word' id='word_1_151' title='bbox 1191 1278 1333 1322; x_wconf 83' lang='lat' dir='ltr'>choris,</span> <span class='ocrx_word' id='word_1_152' title='bbox 1361 1282 1497 1321; x_wconf 72' lang='grc' dir='ltr'><strong><em>τίθησιν</em></strong></span> 
     </span>
     <span class='ocr_line' id='line_1_19' title="bbox 103 1333 1494 1387; baseline 0.006 -20.013"><span class='ocrx_word' id='word_1_153' title='bbox 103 1337 141 1372; x_wconf 60' lang='grc' dir='ltr'>’ές</span> <span class='ocrx_word' id='word_1_154' title='bbox 166 1333 266 1383; x_wconf 72' lang='grc' dir='ltr'><strong><em>χορδν</em></strong></span> <span class='ocrx_word' id='word_1_155' title='bbox 289 1334 379 1379; x_wconf 75' lang='grc' dir='ltr'><strong><em>ι”χνος</em></strong></span> <span class='ocrx_word' id='word_1_156' title='bbox 404 1336 461 1371; x_wconf 75' lang='grc' dir='ltr'>σύν</span> <span class='ocrx_word' id='word_1_157' title='bbox 487 1333 621 1378; x_wconf 67' lang='grc' dir='ltr'>ἀγλαΐᾳ</span> <span class='ocrx_word' id='word_1_158' title='bbox 648 1335 794 1382; x_wconf 84' lang='lat' dir='ltr'>(Eurip</span> <span class='ocrx_word' id='word_1_159' title='bbox 821 1336 960 1373; x_wconf 82' lang='lat' dir='ltr'>Electr.</span> <span class='ocrx_word' id='word_1_160' title='bbox 987 1340 1092 1383; x_wconf 83' lang='lat'>859.)</span> <span class='ocrx_word' id='word_1_161' title='bbox 1117 1341 1294 1387; x_wconf 84' lang='lat' dir='ltr'>Intellige</span> <span class='ocrx_word' id='word_1_162' title='bbox 1310 1349 1432 1377; x_wconf 86' lang='lat' dir='ltr'>autem</span> <span class='ocrx_word' id='word_1_163' title='bbox 1446 1341 1494 1376; x_wconf 84' lang='lat' dir='ltr'>de</span> 
     </span>
     <span class='ocr_line' id='line_1_20' title="bbox 111 1395 1501 1451; baseline 0.003 -19.003"><span class='ocrx_word' id='word_1_164' title='bbox 111 1396 256 1433; x_wconf 84' lang='lat' dir='ltr'>incessu</span> <span class='ocrx_word' id='word_1_165' title='bbox 293 1397 398 1432; x_wconf 88' lang='lat' dir='ltr'>chori</span> <span class='ocrx_word' id='word_1_166' title='bbox 433 1395 480 1431; x_wconf 81' lang='lat' dir='ltr'>ad</span> <span class='ocrx_word' id='word_1_167' title='bbox 522 1399 737 1443; x_wconf 78' lang='lat' dir='ltr'>gravitatem</span> <span class='ocrx_word' id='word_1_168' title='bbox 778 1396 1003 1449; x_wconf 84' lang='lat' dir='ltr'>composito:</span> <span class='ocrx_word' id='word_1_169' title='bbox 1053 1403 1110 1436; x_wconf 86' lang='lat' dir='ltr'>cui</span> <span class='ocrx_word' id='word_1_170' title='bbox 1149 1404 1344 1451; x_wconf 85' lang='lat' dir='ltr'>opponitur</span> <span class='ocrx_word' id='word_1_171' title='bbox 1367 1403 1501 1446; x_wconf 80' lang='lat' dir='ltr'>jocus,</span> 
     </span>
     <span class='ocr_line' id='line_1_21' title="bbox 107 1455 1502 1514; baseline 0.003 -18"><span class='ocrx_word' id='word_1_172' title='bbox 107 1455 258 1496; x_wconf 70' lang='lat' dir='ltr'>&#39;saltatio</span> <span class='ocrx_word' id='word_1_173' title='bbox 281 1457 420 1494; x_wconf 84' lang='lat' dir='ltr'>ludicra</span> <span class='ocrx_word' id='word_1_174' title='bbox 439 1486 448 1502; x_wconf 88' lang='lat'><em>‚</em></span> <span class='ocrx_word' id='word_1_175' title='bbox 493 1459 654 1500; x_wconf 57' lang='lat' dir='ltr'>lasciva&#39;,</span> <span class='ocrx_word' id='word_1_176' title='bbox 687 1459 782 1496; x_wconf 83' lang='lat' dir='ltr'>so&#39;rte</span> <span class='ocrx_word' id='word_1_177' title='bbox 822 1463 997 1505; x_wconf 77' lang='lat' dir='ltr'>niir&#39;nica3</span> <span class='ocrx_word' id='word_1_178' title='bbox 1032 1477 1103 1514; x_wconf 84' lang='lat' dir='ltr'>quo</span> <span class='ocrx_word' id='word_1_179' title='bbox 1129 1464 1164 1498; x_wconf 86' lang='lat' dir='ltr'>in</span> <span class='ocrx_word' id='word_1_180' title='bbox 1192 1477 1327 1510; x_wconf 77' lang='lat' dir='ltr'>genere</span> <span class='ocrx_word' id='word_1_181' title='bbox 1349 1464 1502 1513; x_wconf 87' lang='lat' dir='ltr'>Licym-</span> 
     </span>
     <span class='ocr_line' id='line_1_22' title="bbox 110 1518 1502 1567; baseline 0.004 -10"><span class='ocrx_word' id='word_1_182' title='bbox 110 1521 208 1557; x_wconf 76' lang='lat' dir='ltr'>niam</span> <span class='ocrx_word' id='word_1_183' title='bbox 243 1535 314 1556; x_wconf 85' lang='lat' dir='ltr'>non</span> <span class='ocrx_word' id='word_1_184' title='bbox 341 1518 546 1557; x_wconf 74' lang='lat' dir='ltr'>dedecebat</span> <span class='ocrx_word' id='word_1_185' title='bbox 585 1525 729 1554; x_wconf 77' lang='lat' dir='ltr'>certare</span> <span class='ocrx_word' id='word_1_186' title='bbox 772 1536 854 1557; x_wconf 87' lang='lat' dir='ltr'>cum</span> <span class='ocrx_word' id='word_1_187' title='bbox 882 1521 987 1567; x_wconf 83' lang='lat' dir='ltr'>aliis,</span> <span class='ocrx_word' id='word_1_188' title='bbox 1025 1537 1105 1560; x_wconf 84' lang='lat' dir='ltr'>cuin</span> <span class='ocrx_word' id='word_1_189' title='bbox 1130 1526 1266 1561; x_wconf 71' lang='lat' dir='ltr'>virtute</span> <span class='ocrx_word' id='word_1_190' title='bbox 1292 1540 1334 1561; x_wconf 88' lang='lat' dir='ltr'>ea</span> <span class='ocrx_word' id='word_1_191' title='bbox 1357 1534 1502 1562; x_wconf 79' lang='lat' dir='ltr'>certare</span> 
     </span>
     <span class='ocr_line' id='line_1_23' title="bbox 114 1582 1503 1636; baseline 0.003 -17"><span class='ocrx_word' id='word_1_192' title='bbox 114 1583 282 1634; x_wconf 67' lang='lat' dir='ltr'>&#39;poter-at,</span> <span class='ocrx_word' id='word_1_193' title='bbox 318 1585 352 1618; x_wconf 87' lang='lat' dir='ltr'>in</span> <span class='ocrx_word' id='word_1_194' title='bbox 392 1597 463 1634; x_wconf 80' lang='lat' dir='ltr'>quo</span> <span class='ocrx_word' id='word_1_195' title='bbox 494 1582 587 1618; x_wconf 78' lang='lat' dir='ltr'>adeo</span> <span class='ocrx_word' id='word_1_196' title='bbox 627 1584 810 1621; x_wconf 84' lang='lat' dir='ltr'>eminebat</span> <span class='ocrx_word' id='word_1_197' title='bbox 835 1613 843 1629; x_wconf 92' lang='lat'>‚</span> <span class='ocrx_word' id='word_1_198' title='bbox 879 1583 1018 1636; x_wconf 82' lang='lat' dir='ltr'>primas</span> <span class='ocrx_word' id='word_1_199' title='bbox 1045 1587 1204 1624; x_wconf 83' lang='lat' dir='ltr'>tenebat.</span> <span class='ocrx_word' id='word_1_200' title='bbox 1231 1588 1361 1622; x_wconf 76' lang='lat' dir='ltr'>Iocari</span> <span class='ocrx_word' id='word_1_201' title='bbox 1378 1596 1503 1623; x_wconf 70' lang='lat' dir='ltr'>autent</span> 
     </span>
     <span class='ocr_line' id='line_1_24' title="bbox 110 1642 1504 1695; baseline 0.002 -15"><span class='ocrx_word' id='word_1_202' title='bbox 110 1642 260 1695; x_wconf 57' lang='lat' dir='ltr'>proprie</span> <span class='ocrx_word' id='word_1_203' title='bbox 287 1643 333 1680; x_wconf 88' lang='lat' dir='ltr'>de</span> <span class='ocrx_word' id='word_1_204' title='bbox 360 1643 502 1685; x_wconf 81' lang='lat' dir='ltr'>mimis,</span> <span class='ocrx_word' id='word_1_205' title='bbox 537 1644 646 1680; x_wconf 83' lang='lat' dir='ltr'>ovid.</span> <span class='ocrx_word' id='word_1_206' title='bbox 664 1647 779 1683; x_wconf 87' lang='lat' dir='ltr'>Trist.</span> <span class='ocrx_word' id='word_1_207' title='bbox 803 1647 850 1682; x_wconf 88' lang='lat' dir='ltr'>Il.</span> <span class='ocrx_word' id='word_1_208' title='bbox 876 1649 958 1695; x_wconf 75' lang='grc'>497.</span> <span class='ocrx_word' id='word_1_209' title='bbox 979 1646 1024 1676; x_wconf 43' lang='grc'>-’</span> <span class='ocrx_word' id='word_1_210' title='bbox 1049 1664 1117 1685; x_wconf 85' lang='lat' dir='ltr'>neo</span> <span class='ocrx_word' id='word_1_211' title='bbox 1139 1648 1294 1692; x_wconf 78' lang='lat' dir='ltr'>dedecet</span> <span class='ocrx_word' id='word_1_212' title='bbox 1307 1650 1504 1684; x_wconf 80' lang='lat' dir='ltr'>ludentem</span> 
     </span>
    </p>
   </div>
   <div class='ocr_carea' id='block_1_4' title="bbox 113 1705 1503 1816">
    <p class='ocr_par' dir='ltr' id='par_1_5' title="bbox 113 1705 1503 1816">
     <span class='ocr_line' id='line_1_25' title="bbox 115 1705 1501 1758; baseline 0.003 -18"><span class='ocrx_word' id='word_1_213' title='bbox 115 1708 296 1752; x_wconf 65' lang='grc' dir='ltr'><em>παίζουσαν</em></span> <span class='ocrx_word' id='word_1_214' title='bbox 336 1708 401 1750; x_wconf 82' lang='grc' dir='ltr'>(ν.</span> <span class='ocrx_word' id='word_1_215' title='bbox 437 1720 469 1741; x_wconf 86' lang='lat' dir='ltr'>c.</span> <span class='ocrx_word' id='word_1_216' title='bbox 494 1705 642 1742; x_wconf 86' lang='lat' dir='ltr'>Homer.</span> <span class='ocrx_word' id='word_1_217' title='bbox 673 1708 718 1745; x_wconf 89' lang='lat' dir='ltr'>H.</span> <span class='ocrx_word' id='word_1_218' title='bbox 744 1711 780 1743; x_wconf 90' lang='lat' dir='ltr'>in</span> <span class='ocrx_word' id='word_1_219' title='bbox 803 1710 932 1758; x_wconf 81' lang='lat' dir='ltr'><strong>Apoll.</strong></span> <span class='ocrx_word' id='word_1_220' title='bbox 967 1720 1049 1746; x_wconf 83' lang='lat'>20¹.</span> <span class='ocrx_word' id='word_1_221' title='bbox 1073 1711 1227 1746; x_wconf 83' lang='lat' dir='ltr'>Hesiod.</span> <span class='ocrx_word' id='word_1_222' title='bbox 1254 1710 1366 1745; x_wconf 84' lang='lat' dir='ltr'>Scnd.</span> <span class='ocrx_word' id='word_1_223' title='bbox 1386 1711 1501 1746; x_wconf 84' lang='lat' dir='ltr'>Herc.</span> 
     </span>
     <span class='ocr_line' id='line_1_26' title="bbox 113 1766 1503 1816; baseline 0 -12"><span class='ocrx_word' id='word_1_224' title='bbox 113 1770 226 1812; x_wconf 73' lang='lat'><strong>282.)</strong></span> <span class='ocrx_word' id='word_1_225' title='bbox 253 1768 465 1809; x_wconf 71' lang='lat' dir='ltr'>saltantem,</span> <span class='ocrx_word' id='word_1_226' title='bbox 499 1766 532 1802; x_wconf 77' lang='lat' dir='ltr'>et</span> <span class='ocrx_word' id='word_1_227' title='bbox 556 1768 628 1803; x_wconf 85' lang='lat' dir='ltr'>hoc</span> <span class='ocrx_word' id='word_1_228' title='bbox 647 1780 713 1816; x_wconf 89' lang='lat' dir='ltr'>pro</span> <span class='ocrx_word' id='word_1_229' title='bbox 737 1769 862 1811; x_wconf 85' lang='lat' dir='ltr'>tenui,</span> <span class='ocrx_word' id='word_1_230' title='bbox 889 1781 992 1809; x_wconf 87' lang='lat' dir='ltr'>eam,</span> <span class='ocrx_word' id='word_1_231' title='bbox 1029 1768 1120 1800; x_wconf 84' lang='lat' dir='ltr'>dare</span> <span class='ocrx_word' id='word_1_232' title='bbox 1144 1766 1322 1810; x_wconf 80' lang='lat' dir='ltr'>brachia,</span> <span class='ocrx_word' id='word_1_233' title='bbox 1348 1768 1503 1806; x_wconf 77' lang='lat' dir='ltr'>brachia</span> 
     </span>
    </p>
   </div>
   <div class='ocr_carea' id='block_1_5' title="bbox 113 1823 1506 2738">
    <p class='ocr_par' dir='ltr' id='par_1_6' title="bbox 113 1823 1506 2738">
     <span class='ocr_line' id='line_1_27' title="bbox 113 1823 1504 1881; baseline 0.001 -14"><span class='ocrx_word' id='word_1_234' title='bbox 113 1833 294 1867; x_wconf 84' lang='lat' dir='ltr'>concinne</span> <span class='ocrx_word' id='word_1_235' title='bbox 327 1837 447 1863; x_wconf 83' lang='lat' dir='ltr'>movet</span> <span class='ocrx_word' id='word_1_236' title='bbox 481 1836 588 1877; x_wconf 82' lang='lat' dir='ltr'>atque</span> <span class='ocrx_word' id='word_1_237' title='bbox 626 1823 792 1876; x_wconf 72' lang='lat' dir='ltr'>implicat</span> <span class='ocrx_word' id='word_1_238' title='bbox 834 1826 1069 1872; x_wconf 80' lang='lat' dir='ltr'>virginibus‚·</span> <span class='ocrx_word' id='word_1_239' title='bbox 1095 1841 1202 1879; x_wconf 82' lang='lat' dir='ltr'>quam</span> <span class='ocrx_word' id='word_1_240' title='bbox 1228 1831 1403 1881; x_wconf 79' lang='lat' dir='ltr'>graphice</span> <span class='ocrx_word' id='word_1_241' title='bbox 1429 1833 1435 1865; x_wconf 89' lang='lat'>!</span> <span class='ocrx_word' id='word_1_242' title='bbox 1460 1833 1504 1868; x_wconf 85' lang='lat' dir='ltr'>In</span> 
     </span>
     <span class='ocr_line' id='line_1_28' title="bbox 115 1888 1504 1929; baseline 0.002 -3"><span class='ocrx_word' id='word_1_243' title='bbox 115 1892 351 1927; x_wconf 65' lang='lat' dir='ltr'>brachiorum</span> <span class='ocrx_word' id='word_1_244' title='bbox 371 1899 470 1926; x_wconf 86' lang='lat' dir='ltr'>motu</span> <span class='ocrx_word' id='word_1_245' title='bbox 499 1888 591 1926; x_wconf 86' lang='lat' dir='ltr'>inter</span> <span class='ocrx_word' id='word_1_246' title='bbox 620 1889 827 1925; x_wconf 80' lang='lat' dir='ltr'>saltandum</span> <span class='ocrx_word' id='word_1_247' title='bbox 850 1889 953 1925; x_wconf 87' lang='lat' dir='ltr'>molli</span> <span class='ocrx_word' id='word_1_248' title='bbox 985 1897 1021 1924; x_wconf 91' lang='lat' dir='ltr'>et</span> <span class='ocrx_word' id='word_1_249' title='bbox 1044 1888 1090 1924; x_wconf 81' lang='lat' dir='ltr'>ad</span> <span class='ocrx_word' id='word_1_250' title='bbox 1114 1904 1281 1926; x_wconf 87' lang='lat' dir='ltr'>numeros</span> <span class='ocrx_word' id='word_1_251' title='bbox 1302 1891 1401 1927; x_wconf 75' lang='lat' dir='ltr'>facto</span> <span class='ocrx_word' id='word_1_252' title='bbox 1427 1906 1504 1929; x_wconf 87' lang='lat' dir='ltr'>om-</span> 
     </span>
     <span class='ocr_line' id='line_1_29' title="bbox 116 1950 1503 2002; baseline 0.001 -14"><span class='ocrx_word' id='word_1_253' title='bbox 116 1955 203 1988; x_wconf 86' lang='lat' dir='ltr'>nino</span> <span class='ocrx_word' id='word_1_254' title='bbox 239 1954 397 1987; x_wconf 88' lang='lat' dir='ltr'>maxima</span> <span class='ocrx_word' id='word_1_255' title='bbox 432 1955 545 1987; x_wconf 83' lang='lat' dir='ltr'>virtus</span> <span class='ocrx_word' id='word_1_256' title='bbox 581 1960 678 1988; x_wconf 80' lang='lat' dir='ltr'>erat:</span> <span class='ocrx_word' id='word_1_257' title='bbox 716 1951 812 1986; x_wconf 82' lang='lat' dir='ltr'>unde</span> <span class='ocrx_word' id='word_1_258' title='bbox 844 1950 1144 2002; x_wconf 84' lang='lat' dir='ltr'>frequentissima</span> <span class='ocrx_word' id='word_1_259' title='bbox 1176 1955 1255 1998; x_wconf 73' lang='lat' dir='ltr'>ejus</span> <span class='ocrx_word' id='word_1_260' title='bbox 1284 1955 1335 1988; x_wconf 87' lang='lat' dir='ltr'>rei</span> <span class='ocrx_word' id='word_1_261' title='bbox 1363 1957 1503 1991; x_wconf 88' lang='lat' dir='ltr'>mentio</span> 
     </span>
     <span class='ocr_line' id='line_1_30' title="bbox 116 2011 1502 2066; baseline 0.001 -19"><span class='ocrx_word' id='word_1_262' title='bbox 116 2012 212 2062; x_wconf 79' lang='lat' dir='ltr'>apud</span> <span class='ocrx_word' id='word_1_263' title='bbox 244 2020 397 2047; x_wconf 79' lang='lat' dir='ltr'>veteres.</span> <span class='ocrx_word' id='word_1_264' title='bbox 419 2011 530 2047; x_wconf 82' lang='lat' dir='ltr'>Ovid.</span> <span class='ocrx_word' id='word_1_265' title='bbox 565 2016 613 2066; x_wconf 54' lang='lat' dir='ltr'>A.¹</span> <span class='ocrx_word' id='word_1_266' title='bbox 638 2012 683 2049; x_wconf 82' lang='lat' dir='ltr'>A.</span> <span class='ocrx_word' id='word_1_267' title='bbox 708 2016 736 2047; x_wconf 90' lang='lat'>1.</span> <span class='ocrx_word' id='word_1_268' title='bbox 762 2018 844 2056; x_wconf 76' lang='grc'>595.</span> <span class='ocrx_word' id='word_1_269' title='bbox 870 2011 916 2045; x_wconf 82' lang='lat' dir='ltr'>Si</span> <span class='ocrx_word' id='word_1_270' title='bbox 938 2022 1015 2048; x_wconf 73' lang='lat' dir='ltr'>vox</span> <span class='ocrx_word' id='word_1_271' title='bbox 1034 2017 1103 2054; x_wconf 74' lang='lat' dir='ltr'>est,</span> <span class='ocrx_word' id='word_1_272' title='bbox 1135 2018 1270 2049; x_wconf 80' lang='lat' dir='ltr'>canta:</span> <span class='ocrx_word' id='word_1_273' title='bbox 1304 2014 1339 2048; x_wconf 82' lang='lat' dir='ltr'>si</span> <span class='ocrx_word' id='word_1_274' title='bbox 1365 2015 1502 2050; x_wconf 83' lang='lat' dir='ltr'>mollia</span> 
     </span>
     <span class='ocr_line' id='line_1_31' title="bbox 113 2070 1506 2117; baseline -0.003 -8"><span class='ocrx_word' id='word_1_275' title='bbox 113 2073 268 2109; x_wconf 76' lang='lat' dir='ltr'>brachia</span> <span class='ocrx_word' id='word_1_276' title='bbox 287 2100 296 2115; x_wconf 89' lang='lat'><em>,</em></span> <span class='ocrx_word' id='word_1_277' title='bbox 335 2073 444 2115; x_wconf 81' lang='lat' dir='ltr'>salta.</span> <span class='ocrx_word' id='word_1_278' title='bbox 483 2074 583 2110; x_wconf 82' lang='lat' dir='ltr'>1bid.</span> <span class='ocrx_word' id='word_1_279' title='bbox 609 2074 658 2108; x_wconf 86' lang='grc' dir='ltr'>ΙΙ.</span> <span class='ocrx_word' id='word_1_280' title='bbox 694 2082 773 2117; x_wconf 80' lang='grc'>305.</span> <span class='ocrx_word' id='word_1_281' title='bbox 800 2071 971 2106; x_wconf 78' lang='lat' dir='ltr'>Brachia</span> <span class='ocrx_word' id='word_1_282' title='bbox 994 2072 1199 2116; x_wconf 82' lang='lat' dir='ltr'>saltantis,</span> <span class='ocrx_word' id='word_1_283' title='bbox 1236 2070 1367 2108; x_wconf 78' lang='lat' dir='ltr'>vocem</span> <span class='ocrx_word' id='word_1_284' title='bbox 1387 2074 1506 2109; x_wconf 64' lang='lat' dir='ltr'>mira‘.</span> 
     </span>
     <span class='ocr_line' id='line_1_32' title="bbox 116 2128 1506 2180; baseline -0.001 -10"><span class='ocrx_word' id='word_1_285' title='bbox 116 2148 156 2170; x_wconf 85' lang='lat' dir='ltr'>re</span> <span class='ocrx_word' id='word_1_286' title='bbox 173 2135 360 2169; x_wconf 81' lang='lat' dir='ltr'>canentis.</span> <span class='ocrx_word' id='word_1_287' title='bbox 407 2135 453 2169; x_wconf 91' lang='lat' dir='ltr'>Et</span> <span class='ocrx_word' id='word_1_288' title='bbox 489 2128 555 2169; x_wconf 81' lang='lat'>111.</span> <span class='ocrx_word' id='word_1_289' title='bbox 584 2137 666 2179; x_wconf 55' lang='lat'>349]</span> <span class='ocrx_word' id='word_1_290' title='bbox 725 2136 818 2180; x_wconf 79' lang='lat' dir='ltr'>Quis</span> <span class='ocrx_word' id='word_1_291' title='bbox 839 2134 997 2177; x_wconf 78' lang='lat' dir='ltr'>dubitet,</span> <span class='ocrx_word' id='word_1_292' title='bbox 1018 2133 1110 2180; x_wconf 80' lang='lat' dir='ltr'>quin</span> <span class='ocrx_word' id='word_1_293' title='bbox 1133 2133 1230 2168; x_wconf 80' lang='lat' dir='ltr'>scire</span> <span class='ocrx_word' id='word_1_294' title='bbox 1249 2135 1364 2169; x_wconf 83' lang='lat' dir='ltr'>velim</span> <span class='ocrx_word' id='word_1_295' title='bbox 1387 2137 1506 2171; x_wconf 80' lang='lat' dir='ltr'>salta.</span> 
     </span>
     <span class='ocr_line' id='line_1_33' title="bbox 115 2194 1506 2241; baseline 0 -11"><span class='ocrx_word' id='word_1_296' title='bbox 115 2208 157 2230; x_wconf 84' lang='lat' dir='ltr'>re</span> <span class='ocrx_word' id='word_1_297' title='bbox 182 2195 378 2240; x_wconf 80' lang='lat' dir='ltr'>puellam,</span> <span class='ocrx_word' id='word_1_298' title='bbox 411 2202 452 2230; x_wconf 83' lang='lat' dir='ltr'>ut</span> <span class='ocrx_word' id='word_1_299' title='bbox 482 2203 631 2231; x_wconf 83' lang='lat' dir='ltr'>moveat</span> <span class='ocrx_word' id='word_1_300' title='bbox 660 2196 786 2241; x_wconf 81' lang='lat' dir='ltr'>posito</span> <span class='ocrx_word' id='word_1_301' title='bbox 814 2194 968 2230; x_wconf 76' lang='lat' dir='ltr'>brachia</span> <span class='ocrx_word' id='word_1_302' title='bbox 995 2197 1103 2238; x_wconf 80' lang='lat' dir='ltr'>jussa</span> <span class='ocrx_word' id='word_1_303' title='bbox 1132 2208 1251 2232; x_wconf 80' lang='lat' dir='ltr'>mero.</span> <span class='ocrx_word' id='word_1_304' title='bbox 1299 2196 1403 2233; x_wconf 79' lang='lat' dir='ltr'>Irlem</span> <span class='ocrx_word' id='word_1_305' title='bbox 1431 2199 1506 2234; x_wconf 77' lang='lat' dir='ltr'>Re.</span> 
     </span>
     <span class='ocr_line' id='line_1_34' title="bbox 120 2246 1505 2305; baseline 0.001 -12"><span class='ocrx_word' id='word_1_306' title='bbox 120 2258 220 2293; x_wconf 76' lang='lat' dir='ltr'>mod-</span> <span class='ocrx_word' id='word_1_307' title='bbox 260 2260 343 2303; x_wconf 78' lang='grc'>334.</span> <span class='ocrx_word' id='word_1_308' title='bbox 377 2257 453 2292; x_wconf 74' lang='lat' dir='ltr'>Fac</span> <span class='ocrx_word' id='word_1_309' title='bbox 481 2259 620 2302; x_wconf 76' lang='lat' dir='ltr'>saltet,</span> <span class='ocrx_word' id='word_1_310' title='bbox 658 2259 774 2293; x_wconf 81' lang='lat' dir='ltr'>nescit</span> <span class='ocrx_word' id='word_1_311' title='bbox 802 2259 837 2293; x_wconf 87' lang='lat' dir='ltr'>si</span> <span class='ocrx_word' id='word_1_312' title='bbox 861 2270 934 2305; x_wconf 81' lang='lat' dir='ltr'>qua</span> <span class='ocrx_word' id='word_1_313' title='bbox 961 2255 1111 2292; x_wconf 68' lang='lat' dir='ltr'>movere</span> <span class='ocrx_word' id='word_1_314' title='bbox 1141 2256 1301 2292; x_wconf 79' lang='lat' dir='ltr'>manum</span> <span class='ocrx_word' id='word_1_315' title='bbox 1328 2246 1379 2295; x_wconf 74' lang='lat' dir='ltr'>ef.</span> <span class='ocrx_word' id='word_1_316' title='bbox 1404 2268 1440 2296; x_wconf 89' lang='lat' dir='ltr'>et</span> <span class='ocrx_word' id='word_1_317' title='bbox 1467 2263 1505 2298; x_wconf 74' lang='grc' dir='ltr'>ν’.</span> 
     </span>
     <span class='ocr_line' id='line_1_35' title="bbox 122 2315 1505 2369; baseline 0.003 -17"><span class='ocrx_word' id='word_1_318' title='bbox 122 2324 203 2361; x_wconf 70' lang='grc'><strong>754.</strong></span> <span class='ocrx_word' id='word_1_319' title='bbox 230 2318 329 2369; x_wconf 79' lang='lat' dir='ltr'>¹Stat.</span> <span class='ocrx_word' id='word_1_320' title='bbox 368 2315 456 2353; x_wconf 84' lang='lat' dir='ltr'>Silv.</span> <span class='ocrx_word' id='word_1_321' title='bbox 498 2319 563 2356; x_wconf 87' lang='lat'><em>111.</em></span> <span class='ocrx_word' id='word_1_322' title='bbox 592 2327 624 2360; x_wconf 89' lang='lat'>5.</span> <span class='ocrx_word' id='word_1_323' title='bbox 659 2321 716 2353; x_wconf 89' lang='lat'>66.</span> <span class='ocrx_word' id='word_1_324' title='bbox 754 2319 926 2353; x_wconf 82' lang='lat' dir='ltr'>Candida</span> <span class='ocrx_word' id='word_1_325' title='bbox 959 2330 1021 2352; x_wconf 83' lang='lat' dir='ltr'>seu</span> <span class='ocrx_word' id='word_1_326' title='bbox 1040 2319 1150 2355; x_wconf 84' lang='lat' dir='ltr'>molli</span> <span class='ocrx_word' id='word_1_327' title='bbox 1171 2319 1321 2355; x_wconf 79' lang='lat' dir='ltr'>diducit</span> <span class='ocrx_word' id='word_1_328' title='bbox 1345 2320 1505 2356; x_wconf 79' lang='lat' dir='ltr'>brachia</span> 
     </span>
     <span class='ocr_line' id='line_1_36' title="bbox 119 2373 1504 2424; baseline 0.004 -10"><span class='ocrx_word' id='word_1_329' title='bbox 119 2385 241 2414; x_wconf 82' lang='lat' dir='ltr'>motu.</span> <span class='ocrx_word' id='word_1_330' title='bbox 262 2398 308 2406; x_wconf 87' lang='lat'>—·</span> <span class='ocrx_word' id='word_1_331' title='bbox 333 2387 390 2415; x_wconf 75' lang='lat'>20.</span> <span class='ocrx_word' id='word_1_332' title='bbox 413 2381 452 2414; x_wconf 86' lang='lat' dir='ltr'>ln</span> <span class='ocrx_word' id='word_1_333' title='bbox 476 2381 646 2424; x_wconf 80' lang='lat' dir='ltr'>choreis&#39;,</span> <span class='ocrx_word' id='word_1_334' title='bbox 683 2382 718 2415; x_wconf 90' lang='lat' dir='ltr'>in</span> <span class='ocrx_word' id='word_1_335' title='bbox 752 2381 892 2417; x_wconf 86' lang='lat' dir='ltr'>Dianae</span> <span class='ocrx_word' id='word_1_336' title='bbox 919 2378 1096 2416; x_wconf 84' lang='lat' dir='ltr'>honorem</span> <span class='ocrx_word' id='word_1_337' title='bbox 1132 2376 1321 2418; x_wconf 76' lang='lat' dir='ltr'>institutis.</span> <span class='ocrx_word' id='word_1_338' title='bbox 1374 2373 1504 2420; x_wconf 78' lang='lat' dir='ltr'>Facile</span> 
     </span>
     <span class='ocr_line' id='line_1_37' title="bbox 121 2440 1504 2497; baseline 0.002 -20"><span class='ocrx_word' id='word_1_339' title='bbox 121 2442 367 2488; x_wconf 76' lang='lat' dir='ltr'>intelligitur,</span> <span class='ocrx_word' id='word_1_340' title='bbox 397 2441 444 2476; x_wconf 80' lang='lat' dir='ltr'>ad</span> <span class='ocrx_word' id='word_1_341' title='bbox 463 2440 707 2478; x_wconf 76' lang='lat' dir='ltr'>domestic-am</span> <span class='ocrx_word' id='word_1_342' title='bbox 733 2443 951 2490; x_wconf 79' lang='lat' dir='ltr'>religionem</span> <span class='ocrx_word' id='word_1_343' title='bbox 978 2443 1179 2495; x_wconf 80' lang='lat' dir='ltr'>festamque</span> <span class='ocrx_word' id='word_1_344' title='bbox 1206 2444 1407 2487; x_wconf 83' lang='lat' dir='ltr'>laetitiam,</span> <span class='ocrx_word' id='word_1_345' title='bbox 1430 2458 1504 2497; x_wconf 83' lang='lat' dir='ltr'><strong>qua.</strong></span> 
     </span>
     <span class='ocr_line' id='line_1_38' title="bbox 123 2499 1504 2556; baseline 0.001 -17"><span class='ocrx_word' id='word_1_346' title='bbox 123 2503 308 2553; x_wconf 72' lang='lat' dir='ltr'>publicam</span> <span class='ocrx_word' id='word_1_347' title='bbox 348 2501 516 2553; x_wconf 72' lang='lat' dir='ltr'>priiatim</span> <span class='ocrx_word' id='word_1_348' title='bbox 554 2508 882 2556; x_wconf 70' lang='lat' dir='ltr'>Prosequerentur,</span> <span class='ocrx_word' id='word_1_349' title='bbox 919 2506 981 2541; x_wconf 78' lang='lat' dir='ltr'>has</span> <span class='ocrx_word' id='word_1_350' title='bbox 1019 2499 1232 2541; x_wconf 77' lang='lat' dir='ltr'>relerendas</span> <span class='ocrx_word' id='word_1_351' title='bbox 1265 2519 1369 2548; x_wconf 87' lang='lat' dir='ltr'>esse,</span> <span class='ocrx_word' id='word_1_352' title='bbox 1419 2520 1504 2542; x_wconf 87' lang='lat' dir='ltr'>cum</span> 
     </span>
     <span class='ocr_line' id='line_1_39' title="bbox 121 2562 1505 2620; baseline -0.001 -20"><span class='ocrx_word' id='word_1_353' title='bbox 121 2564 335 2609; x_wconf 83' lang='lat' dir='ltr'>libertinae,</span> <span class='ocrx_word' id='word_1_354' title='bbox 385 2578 478 2616; x_wconf 85' lang='lat' dir='ltr'>quae</span> <span class='ocrx_word' id='word_1_355' title='bbox 527 2572 605 2602; x_wconf 81' lang='lat' dir='ltr'>erat</span> <span class='ocrx_word' id='word_1_356' title='bbox 650 2565 873 2615; x_wconf 86' lang='lat' dir='ltr'>Licymnia.</span> <span class='ocrx_word' id='word_1_357' title='bbox 922 2579 942 2601; x_wconf 82' lang='lat' dir='ltr'>a</span> <span class='ocrx_word' id='word_1_358' title='bbox 970 2562 1129 2617; x_wconf 75' lang='lat' dir='ltr'>piiblicis</span> <span class='ocrx_word' id='word_1_359' title='bbox 1172 2566 1384 2602; x_wconf 81' lang='lat' dir='ltr'>solennibus</span> <span class='ocrx_word' id='word_1_360' title='bbox 1423 2567 1505 2620; x_wconf 64' lang='lat' dir='ltr'>istis</span> 
     </span>
     <span class='ocr_line' id='line_1_40' title="bbox 121 2625 1504 2677; baseline -0.001 -14"><span class='ocrx_word' id='word_1_361' title='bbox 121 2626 374 2663; x_wconf 77' lang='lat' dir='ltr'>saltationibus</span> <span class='ocrx_word' id='word_1_362' title='bbox 408 2627 579 2664; x_wconf 84' lang='lat' dir='ltr'>exclusae</span> <span class='ocrx_word' id='word_1_363' title='bbox 603 2637 736 2664; x_wconf 85' lang='lat' dir='ltr'>essent.</span> <span class='ocrx_word' id='word_1_364' title='bbox 760 2627 818 2664; x_wconf 86' lang='lat' dir='ltr'>Cf.</span> <span class='ocrx_word' id='word_1_365' title='bbox 841 2628 884 2663; x_wconf 85' lang='lat' dir='ltr'>A.</span> <span class='ocrx_word' id='word_1_366' title='bbox 915 2629 953 2663; x_wconf 81' lang='lat' dir='ltr'>P.</span> <span class='ocrx_word' id='word_1_367' title='bbox 979 2639 1060 2673; x_wconf 81' lang='lat'><strong>232.</strong></span> <span class='ocrx_word' id='word_1_368' title='bbox 1098 2629 1210 2664; x_wconf 84' lang='lat' dir='ltr'>Erant</span> <span class='ocrx_word' id='word_1_369' title='bbox 1230 2636 1351 2663; x_wconf 79' lang='lat' dir='ltr'>autem</span> <span class='ocrx_word' id='word_1_370' title='bbox 1374 2625 1504 2677; x_wconf 67' lang='lat' dir='ltr'>plures</span> 
     </span>
     <span class='ocr_line' id='line_1_41' title="bbox 122 2680 1503 2738; baseline 0 -12"><span class='ocrx_word' id='word_1_371' title='bbox 122 2684 189 2738; x_wconf 77' lang='lat' dir='ltr'>&#39;per</span> <span class='ocrx_word' id='word_1_372' title='bbox 210 2702 343 2726; x_wconf 85' lang='lat' dir='ltr'>annum</span> <span class='ocrx_word' id='word_1_373' title='bbox 365 2688 444 2726; x_wconf 87' lang='lat' dir='ltr'>dies</span> <span class='ocrx_word' id='word_1_374' title='bbox 469 2690 611 2728; x_wconf 84' lang='lat' dir='ltr'>Dianae</span> <span class='ocrx_word' id='word_1_375' title='bbox 633 2692 747 2734; x_wconf 82' lang='lat' dir='ltr'>sacri3</span> <span class='ocrx_word' id='word_1_376' title='bbox 784 2689 880 2729; x_wconf 79' lang='lat' dir='ltr'>unde</span> <span class='ocrx_word' id='word_1_377' title='bbox 903 2698 940 2729; x_wconf 79' lang='lat' dir='ltr'>et</span> <span class='ocrx_word' id='word_1_378' title='bbox 972 2690 1131 2726; x_wconf 79' lang='lat' dir='ltr'>celebris</span> <span class='ocrx_word' id='word_1_379' title='bbox 1160 2690 1261 2726; x_wconf 81' lang='lat' dir='ltr'>audit</span> <span class='ocrx_word' id='word_1_380' title='bbox 1281 2703 1302 2726; x_wconf 82' lang='lat' dir='ltr'>a</span> <span class='ocrx_word' id='word_1_381' title='bbox 1326 2680 1503 2727; x_wconf 66' lang='lat' dir='ltr'>Romanis</span> 
     </span>
    </p>
   </div>
   <div class='ocr_carea' id='block_1_6' title="bbox 1057 2752 1215 2798">
    <p class='ocr_par' dir='ltr' id='par_1_7' title="bbox 1057 2752 1215 2798">
     <span class='ocr_line' id='line_1_42' title="bbox 1057 2752 1215 2798; baseline 0 0"><span class='ocrx_word' id='word_1_382' title='bbox 1057 2752 1215 2798; x_wconf 82' lang='lat' dir='ltr'>Tt²</span> 
     </span>
    </p>
   </div>
  </div>
 </body>
</html>
