1779 3085
614 253 670 260 .....
763 239 840 276 ‘271
934 250 991 257 ...-

98 369 124 397 e
164 352 356 413 quibus
396 341 840 410 sacrificiorum,
893 346 1083 405 quibus
1125 348 1348 390 nomina
1393 347 1509 405 pla-

98 425 394 471 curentur,
428 415 753 474 procedebat
781 414 1108 457 auctoritas.

227 485 520 530 Proximus
567 483 749 542 i-'gztur
787 486 1003 537 poetam
1045 496 1078 522 a
1120 479 1284 522 bellis
1336 494 1380 520 c
1393 495 1418 517 ι
1428 482 1510 523 ,’“-Ι[

94 553 223 599 bus
274 563 408 610 quae
447 562 567 605 ipsa
606 549 841 592 maximi
886 548 1070 592 instar
1095 546 1319 588 sceleris
1352 546 1508 588 surh-e-

94 619 326 670 bantur,
364 616 578 658 irarum
614 631 714 658 cau
721 629 812 658 sas
841 613 1123 670 repetiisse
1148 608 1508 671 manifestum

94 691 210 740 est,·
256 697 565 742 quanquam
603 696 701 725 nec
742 682 1086 723 remotiorem
1124 679 1316 725 ι’,ῖῖαηι
1367 678 1508 720 unde

95 750 242 794 bella
282 748 478 791 civilia
518 753 695 791 ortum
731 750 1059 799 traferant,
1098 746 1356 788 nimirum
1390 746 1511 789 Cae-

91 816 237 861 saris
279 829 486 867 necem,
537 816 758 872 penitus
799 813 1053 857 exclusit.
1128 811 1260 855 Vide
1303 827 1386 854 vv.
1432 827 1507 869 17.

94 899 234 940 27-
261 883 342 927 50.
386 887 434 924 et
476 881 552 931 45.
597 888 674 932 44.
711 881 1045 938 Hinc,quam
1088 894 1234 922 vana
1272 879 1510 922 omnium

77 946 214 1010 fere
241 949 618 1005 Interpretum
643 950 714 992 sit
741 947 1096 1003 disceptatio,
1135 945 1269 988 aliis
1297 944 1510 1005 quidem

95 1016 348 1061 Caesaris
386 1014 634 1067 caedem,
688 1014 820 1057 aliis
857 1018 1053 1057 contra
1106 1010 1253 1054 bella
1316 1010 1510 1055 civilia

92 1082 214 1126 sola
240 1114 252 1136 ,
301 1081 399 1125 sub
440 1083 647 1125 scelere
692 1082 832 1125 isto,
882 1095 982 1137 quo
1028 1079 1295 1121 obstricta
1315 1074 1512 1136 fuerit

94 1149 326 1197 civitas,
366 1164 398 1191 a
425 1152 587 1204 poeta
620 1145 1010 1203 comprehensa
1041 1144 1512 1197 contendentibus,

87 1211 274 1275 facile
309 1214 674 1273 intelligitur.

227 1282 359 1322 Jam
399 1279 459 1321 de
499 1296 682 1332 anno,
721 1277 812 1319 cui
850 1275 1220 1332 probabiliter
1255 1278 1357 1319 hoc
1396 1292 1514 1321 car-

100 1361 219 1390 men
252 1345 661 1403 adsignandum
701 1343 791 1393 sit,
821 1347 878 1382 ut
915 1342 1111 1397 paucis
1138 1341 1525 1399 dispiciamus,

100 1411 248 1457 ltaud
297 1410 540 1452 alienum
589 1409 825 1451 videtur.
903 1407 1134 1450 Gravem
1177 1423 1294 1450 eum
1319 1404 1515 1466 fuisse

99 1476 531 1534 tempestatibus,
560 1480 610 1517 et
647 1489 855 1534 magna
888 1471 1105 1516 Tiberis
1135 1474 1523 1518 exundatione·

103 1544 398 1602 insignem,
446 1557 515 1584 ex
566 1541 729 1584 initio
775 1540 1040 1583 carminis
1069 1536 1261 1599 facile
1297 1541 1515 1599 quidem

98 1611 231 1668 poni
256 1613 468 1664 potest,
499 1623 636 1667 quae
666 1614 847 1650 tamen
877 1622 1036 1665 quum
1066 1607 1287 1664 saepius
1314 1606 1520 1652 accide-

100 1678 235 1729 rint,
280 1681 328 1717 et
364 1690 575 1732 semper
608 1676 665 1716 in
698 1673 976 1732 prodigiis
1017 1673 1211 1718 habita
1244 1670 1518 1733 f'uerint5

103 1744 176 1788 ad
212 1756 480 1801 quaenam
511 1742 675 1785 lzocce
693 1744 915 1784 carmen
946 1742 1226 1798 respiciat,
1257 1740 1408 1785 dicta
1437 1747 1516 1784 est

103 1806 298 1868 paullo
360 1807 676 1872 difficilium
760 1806 1091 1849 Sanadonus
1152 1806 1362 1864 quidem
1422 1811 1519 1855 (at

106 1875 346 1918 aliorum
385 1889 672 1925 opiniones
711 1873 771 1915 de
795 1873 1089 1931 prodigiis,
1129 1872 1380 1917 Caesaris
1404 1886 1525 1920 cae«

323 1937 539 1945 ...γρ-ν

110 1955 309 1999 dema.
350 1951 552 1996 DCCX.
631 1952 936 2010 insequutis
994 1953 1082 1995 liic
1150 1953 1520 2012 cogitantium

118 2024 356 2064 taceam]
432 2018 694 2074 scrzptum
772 2023 935 2074 putat
1009 2019 1108 2061 hoc
1175 2034 1397 2062 carmen
1466 2035 1517 2063 a.

109 2097 475 2144 DCCXXVII.
552 2098 648 2140 Cui
684 2096 892 2155 quidem
921 2099 1173 2155 opinioni
1197 2101 1521 2155 patrocina-

110 2169 162 2209 ri
192 2166 409 2209 v<videtur
432 2165 547 2213 lzoc,
567 2163 706 2222 quod
732 2163 910 2207 eodem
931 2181 1076 2208 anno
1100 2166 1303 2209 Caesar
1327 2167 1369 2209 P
1387 2168 1522 2209 rin*

107 2248 274 2290 ceps
335 2231 466 2279 (Dio
506 2229 664 2273 LIII.
721 2237 829 2278 11.)
876 2246 906 2273 a
944 2232 1150 2275 Senatu
1191 2230 1518 2288 adpellata-5·

100 2296 313 2358 fuerit.
344 2302 393 2338 et
422 2302 576 2339 nocte
609 2297 917 2355 insequenti
951 2297 1169 2341 Tiberis
1198 2298 1377 2355 plana
1420 2300 1521 2343 Ro-

114 2380 232 2408 mae
271 2366 392 2408 loca
433 2362 820 2407 inundaverit
872 2365 1177 2417 enimvero,
1203 2381 1361 2422 quum
1383 2366 1516 2411 haec

116 2431 408 2474 inzzndatm
457 2444 555 2485 plo
591 2425 794 2488 fausto
839 2431 1016 2473 omine
1065 2437 1292 2489 accepta
1325 2427 1521 2490 fuerit

116 2498 247 2546 (Dio
283 2495 440 2540 LIII.
474 2499 602 2552 17·-)
641 2496 759 2540 alia
800 2504 997 2541 contra
1033 2498 1091 2540 in
1131 2498 1228 2541 lzoc
1273 2500 1519 2542 carmine
1566 2492 1571 2499 ’

112 2569 501 2623 memorentur,
532 2576 666 2618 quae
693 2577 787 2606 nec
817 2563 874 2605 in
903 2563 1044 2607 nunc
1061 2579 1267 2607 annum
1293 2564 1520 2618 cadant,
1557 2580 1561 2586 ¹

119 2645 216 2672 nec
257 2646 290 2672 a
320 2630 518 2676 Dione,
545 2623 772 2672 velatio
788 2630 1042 2688 quopiam
1061 2629 1132 2673 ad
1149 2630 1200 2671 h.
1219 2644 1270 2672 a.
1290 2630 1523 2673 adnota-

122 2701 179 2738 ta
203 2696 332 2749 sint,
368 2698 621 2753 praestat
645 2711 760 2740 cum
780 2695 1038 2741 Massono
1066 2693 1234 2754 hujus
1258 2697 1525 2741 carminis

121 2777 370 2822 natalem
429 2770 623 2830 faeere
686 2781 894 2839 annum.
969 2775 1333 2827 DCCWJJ.
1411 2779 1522 2831 Hoc
