1834 3117
806 212 860 222 -··
954 200 1005 231 10

286 299 452 351 satius
477 299 751 367 indulgere
787 299 917 348 mihi
951 298 1116 351 licere
1154 300 1401 361 arbitror,
1442 321 1547 369 quo
1587 323 1678 371 po.

283 379 407 429 tiori
453 386 566 447 jure
607 396 641 428 a
672 396 759 428 me
805 381 1067 445 postulari
1107 399 1267 446 posse
1316 383 1579 451 intelligo,
1625 394 1680 433 ut

282 460 527 509 absoluta
557 477 774 526 operum
813 460 1049 519 Horatii,
1085 478 1220 525 quae
1256 463 1472 529 Lyricis
1521 468 1680 515 conti-

282 548 502 598 nentur,
551 549 701 603 parte
736 540 1033 588 collocatae
1069 557 1224 590 meae
1271 546 1321 590 in
1351 544 1679 594 illustrandis

281 621 345 667 iis
377 616 577 684 operae
593 620 812 668 modum
836 635 902 668 ac
921 622 1155 670 rationes
1180 625 1229 670 in
1261 625 1484 682 istorum
1504 626 1679 674 fronte

282 697 566 763 diligenter
622 715 890 763 exponam
926 716 993 753 ac,
1019 701 1348 765 praefiniam.
1421 703 1519 753 Cui
1569 706 1683 768 qui·

282 780 404 826 dem
439 786 589 826 tanto
619 777 902 842 prolixiori
931 783 1108 828 animo
1139 783 1390 841 concedo,
1427 800 1531 849 quo
1556 786 1682 834 faci-

280 857 381 904 lius
415 872 500 904 me
536 859 611 904 ita
648 857 953 906 effecturum
994 875 1178 923 spem,
1216 862 1360 924 quod
1399 880 1524 912 sane
1562 879 1683 930 pru

282 936 466 984 dentes
512 946 670 1001 atque
720 939 947 986 idoneos
1010 941 1382 991 aestimatores
1429 945 1552 1009 ipsa
1595 957 1681 993 res

279 1016 490 1069 monet,
527 1025 579 1064 ut
618 1017 702 1066 vel
737 1019 802 1066 iis
837 1017 1320 1085 indignatiunculas
1358 1038 1480 1070 suas
1523 1037 1687 1072 excu-

280 1098 440 1149 tiam,
484 1096 944 1161 tardationemque
998 1116 1177 1146 meam
1224 1100 1547 1165 adprobem,
1595 1103 1686 1165 qui

283 1192 352 1223 ex
378 1190 471 1222 suo
502 1173 740 1241 ingenio,
773 1192 879 1240 quo
900 1179 1005 1240 ipsi
1037 1179 1210 1226 calide
1241 1191 1436 1244 coepta
1460 1181 1684 1228 calidius
1711 1214 1739 1236 .=

286 1256 650 1320 deproperare
686 1253 958 1311 adsolent,
1007 1272 1123 1304 rem
1157 1257 1312 1306 nimis
1357 1259 1498 1307 lente
1548 1257 1689 1307 trahi

281 1339 654 1399 opinarentur,
690 1343 846 1399 atque
869 1336 1006 1384 adeo
1032 1338 1086 1383 in
1121 1335 1268 1385 incili
1303 1334 1526 1386 haerere
1565 1336 1688 1385 sub..

280 1416 406 1463 inde
454 1413 807 1464 clamitarent
888 1414 1092 1480 Quibus
1144 1417 1392 1482 equidem
1439 1416 1687 1466 clamori·

284 1495 381 1544 bus
419 1504 624 1543 tantum
671 1493 852 1549 abest,
890 1504 944 1543 ut
988 1495 1057 1543 ab
1093 1495 1334 1545 instituta
1369 1495 1460 1547 via
1508 1496 1689 1547 detur-

284 1574 400 1626 bari
436 1591 520 1622 me
560 1589 748 1639 passus
785 1575 914 1629 sim,
952 1584 1041 1622 aut
1077 1575 1283 1624 consilii
1317 1577 1423 1625 mei
1452 1576 1686 1623 rationes

285 1654 561 1713 confundi,
624 1663 677 1701 ut
739 1657 940 1719 potius,
1000 1670 1102 1718 quo
1171 1654 1377 1720 longius
1428 1654 1691 1720 procede·

284 1750 421 1792 rem,
456 1741 604 1781 tanto
654 1732 1030 1798 pensiculatius
1073 1735 1273 1799 pedem
1315 1750 1566 1791 movere,
1613 1741 1689 1779 at·

287 1832 385 1878 que
423 1812 856 1877 circumspectius
883 1827 1043 1879 agere
1070 1813 1415 1862 decreverim.
1486 1812 1688 1876 Quam-

289 1911 449 1960 quam
505 1894 645 1941 enim
687 1893 794 1955 jam
840 1899 978 1947 tum,
1025 1907 1187 1956 quum
1233 1892 1428 1940 edendi
1477 1890 1690 1940 Horatii

288 1976 650 2041 provinciam,
682 1987 715 2019 a
741 1972 853 2021 Iani
877 1969 1005 2019 satis
1032 1972 1318 2038 prudenter
1353 1970 1692 2021 administra-

287 2064 426 2110 tam,
485 2051 828 2115 ejusdemque
877 2051 1320 2114 praestantissimi
1354 2052 1455 2100 viri
1488 2059 1689 2109 morte,

290 2149 447 2198 quae.
468 2131 622 2180 bonis
655 2128 871 2179 omnino
906 2129 1100 2186 literis,
1136 2130 1370 2182 maxime
1409 2128 1606 2179 Nostro
1638 2137 1690 2179 et

290 2213 533 2277 Vellejo,
597 2206 793 2276 quibus*
837 2225 894 2258 se
957 2218 1128 2256 totum
1184 2207 1502 2268 dediderat,
1561 2224 1691 2266 sane

291 2310 451 2357 quam
480 2293 655 2359 gravis
692 2289 913 2346 accidit,
947 2289 1319 2339 vacuefactam
1348 2288 1691 2339 Summorum

293 2374 540 2420 Virorum
567 2370 778 2419 hortatu
814 2379 867 2419 et
901 2372 1214 2419 auctoritate
1249 2371 1464 2421 ulterius
1499 2383 1693 2423 ornan-

291 2452 416 2499 dam
454 2452 811 2514 susciperem,
847 2448 1015 2515 probe
1064 2451 1354 2499 admodum
1400 2449 1527 2499 mihi
1575 2463 1692 2513 per-

294 2531 499 2597 spicere
527 2528 775 2590 videbar,
811 2539 939 2595 quot
969 2539 1020 2578 et
1045 2530 1227 2595 qualia
1255 2547 1319 2578 ea
1344 2536 1547 2584 essent,
1577 2525 1692 2591 qui·

294 2612 386 2660 bus
413 2611 742 2662 satisfactum
766 2618 1061 2676 oporteret,
1089 2612 1132 2658 si
1157 2608 1464 2658 facilitatem
1490 2622 1690 2666 meam,

292 2694 345 2748 in
383 2693 644 2757 capienda
676 2690 773 2741 ilia
797 2699 1060 2741 ostensam
1081 2729 1095 2752 ,
1130 2706 1162 2740 a
1185 2692 1497 2744 temeritatis
1531 2687 1690 2754 culpa

1828 421 1834 621 l

1830 627 1834 736 ι
