1834 3117
683 272 1040 314 „ma

141 375 280 426 adeo
331 379 574 443 quidem,
621 384 676 423 ut
722 378 912 426 Alcaei
959 375 1238 429 bellicum,
1285 375 1559 429 Stesicho-

136 456 285 507 ream
331 457 680 525 gravitatem,
717 456 1046 521 Pindarique
1086 458 1451 524 μεγαληγορίαν
1490 454 1554 508 ac

135 535 592 603 dithyrambicam
640 540 923 586 audaciam
973 537 1309 605 congenitam
1348 538 1398 585 ei
1448 544 1557 591 exi·

136 617 333 666 stimes.
401 617 594 681 Neque
640 621 815 666 minor
865 620 976 680 ejus
1027 615 1198 666 virtus
1241 615 1295 664 in
1332 617 1426 665 illo
1471 637 1556 685 ge·

133 711 257 744 nere
292 697 721 760 exsplendescit‚
771 699 823 745 in
865 713 967 761 quo
1024 712 1275 745 numeros
1323 698 1556 751 animos'·

133 779 232 840 que
284 775 602 826 Archilochi
653 788 906 843 sequutus
952 776 1263 826 liberrimae
1309 778 1554 845 indigna—

130 855 288 903 tionis
357 872 573 904 sensum
628 856 902 921 prodidit,
954 859 1280 921 vipereoque
1342 860 1555 908 veneno

130 934 330 983 inlecta
371 936 481 983 tela
510 937 638 998 ipsis'
678 937 983 993 hominum,
1012 954 1045 986 a
1085 936 1274 1002 quibus
1318 938 1405 986 vel
1442 941 1555 988 irri-

132 1022 272 1061 tatus
303 1026 465 1065 esset,
502 1016 586 1063 vel
617 1033 749 1081 quos
791 1019 922 1067 ultro
951 1015 1296 1068 adversarios
1328 1016 1430 1066 sibi
1459 1018 1548 1066 de-

129 1103 400 1162 posceret,
437 1096 625 1158 jugulis
668 1099 909 1144 intendit.

262 1175 563 1242 Exposita,
634 1185 895 1239 quantum
943 1177 1055 1225 fieri
1092 1179 1295 1242 potuit,
1350 1176 1545 1239 pcetae

126 1256 387 1317 doctrina,
412 1258 635 1307 alterum
680 1258 782 1305 hoe
828 1257 956 1305 mihi
991 1260 1177 1306 datum
1206 1258 1386 1304 censui
1417 1273 1540 1321 neg-

129 1341 297 1385 otium
324 1371 335 1391 ,
376 1345 429 1383 ut
470 1337 749 1385 artificium
791 1339 900 1400 ejus
938 1339 991 1384 in
1028 1336 1315 1384 tractando
1350 1336 1550 1383 illumiss

128 1416 413 1480 nandoque
467 1416 782 1484 argumento
836 1434 930 1466 suo
979 1425 1281 1471 ostensum,
1332 1425 1545 1463 contex—

126 1492 345 1558 tumque
377 1497 624 1561 cujusque
655 1498 934 1549 carminis,
967 1494 1294 1546 Arachnaea
1322 1492 1510 1542 subind
1531 1506 1554 1537 v

127 1573 418 1623 subtilitate
442 1578 620 1625 oculos
660 1595 832 1644 paene
869 1578 1175 1626 fallentem,
1213 1574 1546 1623 resolverem

124 1664 286 1720 atque
312 1657 682 1721 explanarem.
755 1657 876 1722 Quo
901 1658 1119 1721 quidem
1141 1671 1226 1702 me
1252 1653 1355 1702 hoc
1386 1657 1541 1702 simul

123 1744 513 1801 consequutum
554 1755 672 1788 esse
701 1738 959 1798 arbitror,
997 1746 1050 1784 ut
1082 1734 1145 1783 iis
1184 1734 1401 1782 tandem
1446 1737 1540 1782 ali-

125 1816 338 1880 quando
401 1818 530 1866 fides
595 1819 903 1884 derogetur,
952 1819 1068 1881 qui,
1125 1833 1257 1880 quas
1322 1819 1540 1864 viz-tutes

121 1894 324 1959 lyricas
355 1895 564 1955 spiritus
604 1899 804 1963 poetici
844 1899 1028 1960 inopia
1065 1896 1216 1960 sequi
1261 1898 1535 1945 intellectu

122 1971 266 2020 haud
317 1979 609 2039 potuerint,
664 1993 751 2024 eas
788 1978 841 2024 in
881 1974 1020 2024 vitiis
1070 1978 1421 2041 reponerent,
1475 1991 1537 2022 ac

124 2052 212 2100 vel
259 2053 419 2118 plane
480 2071 679 2104 nexum
725 2058 780 2103 in
843 2054 1167 2120 quibusdam
1216 2054 1538 2104 carminibus

123 2133 515 2187 desiderarent,
575 2135 661 2185 vel
712 2137 1082 2184 amoeniorem
1131 2145 1183 2183 et
1229 2138 1281 2184 in
1334 2137 1533 2184 multos

126 2213 299 2262 flexus
344 2216 686 2263 recedentem
742 2217 941 2282 ingenii
977 2220 1241 2265 incessum
1292 2215 1532 2283 graviter

119 2291 591 2358 reprehenderent.
642 2295 956 2345 Sermonem
995 2297 1223 2362 denique
1257 2299 1530 2363 poeticum

122 2386 176 2425 ut
235 2381 371 2441 justo
418 2377 580 2424 modo
633 2392 696 2424 ac
756 2380 1038 2443 perspicue
1076 2379 1439 2433 declararem,
1478 2379 1537 2425 id

120 2473 254 2506 vero
284 2459 376 2504 vix
396 2455 551 2504 aliter
573 2472 658 2503 me
686 2456 1097 2520 adse'q-uuturum
1121 2456 1239 2506 esse
1264 2458 1528 2513 intellexi,

121 2553 284 2601 quam
342 2545 395 2583 ut
429 2551 578 2591 eum,
626 2545 828 2585 teterso
877 2541 1020 2585 omni
1062 2536 1241 2588 colore
1290 2542 1531 2605 poetico,

119 2614 174 2665 in
211 2617 525 2682 pedestrem
561 2612 790 2666 formam
830 2617 1198 2684 diffingerem‚
1238 2629 1291 2669 et
1335 2622 1529 2686 ubique

118 2698 294 2744 claras
343 2698 586 2746 notiones
640 2697 1026 2746 substituerem.
1108 2702 1292 2766 Atque
1332 2703 1386 2748 in
1428 2701 1533 2748 hoc

121 2779 344 2827 nimiam
385 2789 570 2830 curam
609 2794 774 2844 quam
815 2777 1108 2838 defectum,
1156 2781 1355 2846 quippe
1399 2782 1528 2829 ade-
1570 2789 1572 2791 ’

1138 2858 1182 2908 Β
1224 2867 1242 2889 2
