1779 3085
693 239 747 248 ...-
839 219 920 270 635
1005 239 1067 250 ⁴-

175 347 218 369 co
240 335 372 368 sumtu
410 333 612 375 decorare,
639 330 770 367 urbem
793 332 999 377 aedificiis,
1025 329 1176 379 publico
1205 338 1323 366 sumtu
1346 331 1456 370 factis
1472 360 1483 377 ,
1511 346 1555 369 ei:

174 401 326 440 ornari,
353 396 548 440 aedificia,
573 408 665 447 quae
690 394 841 445 publico
865 404 983 432 sumtu
1007 395 1159 438 fierent,
1186 407 1297 443 opera
1316 394 1490 445 publiea,
1515 399 1566 433 ita

175 463 339 503 exstrui,
367 468 404 496 ut
425 458 505 494 urbi
533 458 683 500 decori,
708 466 924 494 ornamento
962 463 1094 494 esseni.
1123 456 1201 490 Jam
1227 469 1334 507 quam
1355 458 1483 507 paullo
1506 459 1571 496 ob-

174 525 314 561 scurius
341 519 561 576 generaliter
587 523 840 556 enuntiaverat
863 529 974 571 poeta
1001 519 1218 555 sententiam
1236 545 1244 558 ,
1272 519 1466 563 disertius,
1493 530 1571 557 tan.

172 598 280 631 quam
302 596 455 623 novam,
472 594 573 617 more
593 584 662 632 ipsi
683 581 880 623 familiari,
908 595 978 615 uno
1001 593 1151 630 opetum
1166 578 1397 630 publicorum
1421 596 1572 631 genere.

173 660 245 697 quo
271 646 454 692 pietatem·
474 643 581 678 simul
605 646 838 696 antiquorum
867 643 1119 678 Romanor-im
1149 654 1237 689 erga
1271 641 1360 678 deos
1395 647 1570 683 ostende-

174 715 258 747 ret,
285 705 509 742 declaratam
538 704 709 754 subjicit:
740 710 775 739 et
797 705 955 739 deorum
984 703 1130 749 templa
1161 704 1341 739 decorare
1363 717 1485 750 saxo,
1513 722 1572 744 ex.

175 775 319 804 struere
347 769 468 810 saxis,
496 781 568 818 quo
593 766 727 809 decor,
757 767 933 818 splendor
967 767 1011 802 iis
1038 766 1256 808 accederet,
1282 767 1423 819 templa
1453 769 1574 819 splen.

179 829 268 866 dide
297 828 470 866 educere.
499 847 544 856 —
571 841 666 866 novo
686 855 696 871 ,
725 833 829 878 cujus
854 842 938 865 usus
966 831 1083 864 minus
1106 828 1277 880 frequens
1310 838 1410 867 esset
1429 856 1440 873 ,
1473 833 1573 882 quod

174 893 328 940 privatis
353 890 508 927 aedibus
537 905 605 926 non
632 890 886 926 adhiberetur.
921 883 1025 925 Nihil
1058 889 1229 937 amplius.
1250 891 1327 926 Alii
1367 892 1413 928 de
1450 893 1574 944 lapide

175 953 380 1005 quadrato,
408 951 470 988 vel
499 964 683 987 marmore
711 954 898 999 cogitant,
925 951 1025 1003 quod
1051 967 1119 988 non
1140 967 1304 990 necesse.
1330 955 1426 990 Nam
1449 968 1575 993 saxum

175 1028 308 1051 novum
331 1014 552 1064 simpliciter
579 1016 775 1064 opponitur
800 1015 956 1064 cespiti,
982 1016 1045 1066 qui
1079 1015 1190 1063 vulgo
1224 1016 1405 1053 aedificiis
1427 1019 1575 1069 explan-

173 1077 237 1121 dis*
257 1075 499 1113 inserviebat.
527 1077 701 1112 Ceterum
728 1078 764 1112 in
791 1089 835 1113 eo
872 1076 1096 1112 haerendum
1122 1091 1192 1113 non
1215 1086 1293 1122 est,
1318 1078 1421 1132 quod
1447 1080 1493 1115 de
1521 1087 1574 1116 ta·

178 1138 275 1174 libus
301 1137 467 1187 legibus,
496 1152 591 1190 quae
619 1139 799 1189 cespitem
830 1139 983 1187 privatis
1006 1138 1186 1174 aedificiis
1203 1165 1213 1181 ,
1241 1151 1326 1175 saxa
1354 1148 1476 1177 autem
1511 1155 1573 1191 pu-

176 1201 288 1237 blicis
306 1200 493 1237 -adhiberi
522 1200 719 1251 juberent,
757 1199 851 1235 nihil
889 1208 1058 1243 constet;
1093 1214 1174 1236 nam
1200 1210 1311 1251 poeta
1346 1203 1572 1251 specialibus

174 1260 389 1297 notionibus
412 1261 578 1298 elocutus
606 1272 684 1306 est,
711 1261 808 1314 quod
830 1262 1039 1309 generalius
1062 1270 1158 1298 erat:
1187 1265 1371 1312 privatam
1394 1265 1573 1301 luxuriam

175 1325 380 1374 antiquitus
405 1336 489 1358 cum
515 1323 662 1371 legibus
690 1333 762 1359 tun»
788 1325 943 1358 maxime
980 1321 1578 1364 censoriis*animadversionibus

175 1387 244 1427 (sic
275 1399 306 1419 v.
335 1397 368 1420 c.
401 1385 576 1422 Rufinum
606 1385 797 1422 Fabricius
826 1398 956 1421 censor
991 1384 1130 1421 Senatu
1164 1389 1304 1429 movit,
1332 1387 1380 1424 ob
1409 1389 1574 1426 luxuriae

177 1457 316 1490 notam,
342 1448 444 1500 quod
467 1449 598 1486 decem
622 1449 746 1500 pondo
771 1447 887 1484 libras
910 1450 1050 1495 argenti
1077 1447 1167 1484 facti
1190 1448 1358 1493 haberet,
1385 1452 1489 1488 Gen.
1517 1452 1571 1487 lv

170 1512 227 1555 8.)
263 1513 578 1561 circumscriptam
615 1525 816 1563 severeque
841 1511 1057 1546 'coercitam
1091 1509 1220 1548 fuisse.
1259 1512 1426 1550 Privatas
1460 1514 1576 1551 aedes

177 1584 375 1623 earumque
399 1573 558 1610 tiiclinia
580 1571 735 1623 templis
758 1580 916 1624 aequata
940 1573 1105 1623 queritur
1129 1571 1262 1607 Manil.
1291 1573 1334 1607 V.
1357 1580 1441 1616 507.
1466 1575 1575 1610 Nune

167 1636 253 1679 jam
277 1635 461 1671 luxuriae
487 1647 605 1685 pars,
631 1641 669 1670 et
701 1634 878 1670 triclinia
909 1634 1065 1682 templis
1094 1640 1331 1675 concertant,
1369 1637 1478 1675 Adde
1504 1639 1576 1673 Lu-

175 1710 256 1732 can.
277 1697 323 1732 X.
352 1708 433 1735 ιιι.

679 1845 1069 1872 mmmmm

505 2049 1061 2098 ARGUMENTUM.
1096 2052 1241 2098 XVI.

640 2208 1109 2234 mmmmmm

176 2315 290 2403 Ne
332 2355 495 2406 aptus
549 2349 791 2405 partium
830 2364 1003 2395 nexus
1047 2355 1104 2396 in
1155 2355 1254 2400 lzoc
1302 2362 1572 2419 carmine,

178 2414 319 2474 quod
347 2429 507 2459 verae
544 2416 850 2470 sapientiae
875 2426 1169 2477 praecepta
1204 2424 1421 2479 tradit‚.
1453 2443 1570 2474 cnm

178 2481 365 2525 Homio
413 2480 620 2528 (Elem.
659 2480 781 2524 crit.
825 2483 870 2525 I.
904 2483 1020 2541 57.)
1057 2486 1423 2542 desideretur,
1458 2509 1571 2537 seu„

180 2548 479 2591 tentiarum
539 2548 974 2607 progressionem
1019 2551 1100 2595 ita
1137 2556 1285 2612 apud
1327 2559 1565 2604 animam

178 2620 424 2657 nostrum
462 2609 848 2671 informemus.-
890 2616 1082 2660 Omnes
1106 2622 1314 2678 quidem
1342 2624 1568 2675 otiam,

178 2686 288 2725 tam
315 2680 558 2739 corporis
579 2694 736 2738 qaam
762 2681 934 2729 animi
972 2687 1463 2746 tranquillitatem,
1502 2692 1578 2736 vi-
