<?xml version="1.0" encoding="UTF-8"?>
<!DOCTYPE html PUBLIC "-//W3C//DTD XHTML 1.0 Transitional//EN"
    "http://www.w3.org/TR/xhtml1/DTD/xhtml1-transitional.dtd">
<html xmlns="http://www.w3.org/1999/xhtml" xml:lang="en" lang="en">
 <head>
  <title>
</title>
<meta http-equiv="Content-Type" content="text/html;charset=utf-8" />
  <meta name='ocr-system' content='tesseract 3.04.00' />
  <meta name='ocr-capabilities' content='ocr_page ocr_carea ocr_par ocr_line ocrx_word'/>
</head>
<body>
  <div class='ocr_page' id='page_1' title='image "./quintihoratiifla01horauoft_0015.png"; bbox 0 0 1834 3117; ppageno 0'>
   <div class='ocr_carea' id='block_1_1' title="bbox 157 273 1559 313">
    <p class='ocr_par' dir='ltr' id='par_1_1' title="bbox 157 273 1559 313">
     <span class='ocr_line' id='line_1_1' title="bbox 157 273 1559 313; baseline -0.005 -12"><span class='ocrx_word' id='word_1_1' title='bbox 157 277 420 313; x_wconf 50' lang='lat' dir='ltr'><strong>Wmmm</strong></span> <span class='ocrx_word' id='word_1_2' title='bbox 427 277 616 299; x_wconf 61' lang='grc' dir='ltr'>νυιυνιονι</span> <span class='ocrx_word' id='word_1_3' title='bbox 622 273 819 296; x_wconf 51' lang='lat' dir='ltr'><strong>wne-mm</strong></span> <span class='ocrx_word' id='word_1_4' title='bbox 825 273 1156 293; x_wconf 58' lang='lat' dir='ltr'><strong>mmwsmm</strong></span> <span class='ocrx_word' id='word_1_5' title='bbox 1163 276 1291 297; x_wconf 65' lang='lat' dir='ltr'><strong>mm</strong></span> <span class='ocrx_word' id='word_1_6' title='bbox 1298 279 1356 296; x_wconf 60' lang='grc' dir='ltr'><strong>ιιι</strong></span> <span class='ocrx_word' id='word_1_7' title='bbox 1362 279 1559 296; x_wconf 52' lang='lat' dir='ltr'><strong>mvn-aux</strong></span> 
     </span>
    </p>
   </div>
   <div class='ocr_carea' id='block_1_2' title="bbox 451 605 1241 684">
    <p class='ocr_par' dir='ltr' id='par_1_2' title="bbox 451 605 1241 684">
     <span class='ocr_line' id='line_1_2' title="bbox 451 605 1241 684; baseline -0.014 1"><span class='ocrx_word' id='word_1_8' title='bbox 451 605 1241 684; x_wconf 78' lang='lat' dir='ltr'><strong>Praefatio·</strong></span> 
     </span>
    </p>
   </div>
   <div class='ocr_carea' id='block_1_3' title="bbox 127 906 1586 2776">
    <p class='ocr_par' dir='ltr' id='par_1_3' title="bbox 127 906 1586 2776">
     <span class='ocr_line' id='line_1_3' title="bbox 151 906 1561 1018; baseline -0.002 -19"><span class='ocrx_word' id='word_1_9' title='bbox 151 906 349 1014; x_wconf 80' lang='lat' dir='ltr'><strong>Quod</strong></span> <span class='ocrx_word' id='word_1_10' title='bbox 374 950 642 1003; x_wconf 80' lang='lat' dir='ltr'><strong>homines,</strong></span> <span class='ocrx_word' id='word_1_11' title='bbox 678 950 1027 1018; x_wconf 79' lang='lat' dir='ltr'><strong>longinquum</strong></span> <span class='ocrx_word' id='word_1_12' title='bbox 1060 953 1160 999; x_wconf 90' lang='lat' dir='ltr'><strong>iter</strong></span> <span class='ocrx_word' id='word_1_13' title='bbox 1193 949 1445 1017; x_wconf 83' lang='lat' dir='ltr'><strong>ingressi,</strong></span> <span class='ocrx_word' id='word_1_14' title='bbox 1485 949 1561 997; x_wconf 85' lang='lat' dir='ltr'><strong>sa·</strong></span> 
     </span>
     <span class='ocr_line' id='line_1_4' title="bbox 152 1024 1562 1099; baseline -0.005 -16"><span class='ocrx_word' id='word_1_15' title='bbox 152 1049 273 1082; x_wconf 82' lang='lat' dir='ltr'><strong>cere</strong></span> <span class='ocrx_word' id='word_1_16' title='bbox 301 1032 500 1088; x_wconf 85' lang='lat' dir='ltr'><strong>solent,</strong></span> <span class='ocrx_word' id='word_1_17' title='bbox 538 1042 617 1085; x_wconf 86' lang='lat' dir='ltr'><strong>ut,</strong></span> <span class='ocrx_word' id='word_1_18' title='bbox 655 1030 747 1081; x_wconf 89' lang='lat' dir='ltr'><strong>ubi</strong></span> <span class='ocrx_word' id='word_1_19' title='bbox 784 1033 962 1096; x_wconf 87' lang='lat' dir='ltr'><strong>paullo</strong></span> <span class='ocrx_word' id='word_1_20' title='bbox 996 1024 1214 1099; x_wconf 80' lang='lat' dir='ltr'><strong>longius&#39;</strong></span> <span class='ocrx_word' id='word_1_21' title='bbox 1234 1030 1475 1097; x_wconf 80' lang='lat' dir='ltr'><strong>profecti,</strong></span> <span class='ocrx_word' id='word_1_22' title='bbox 1509 1038 1562 1077; x_wconf 89' lang='lat' dir='ltr'><strong>et</strong></span> 
     </span>
     <span class='ocr_line' id='line_1_5' title="bbox 151 1111 1559 1180; baseline -0.004 -18"><span class='ocrx_word' id='word_1_23' title='bbox 151 1115 206 1162; x_wconf 83' lang='lat' dir='ltr'><strong>in</strong></span> <span class='ocrx_word' id='word_1_24' title='bbox 242 1116 523 1180; x_wconf 84' lang='lat' dir='ltr'><strong>peregrina</strong></span> <span class='ocrx_word' id='word_1_25' title='bbox 551 1114 674 1162; x_wconf 94' lang='lat' dir='ltr'><strong>loca</strong></span> <span class='ocrx_word' id='word_1_26' title='bbox 698 1112 865 1161; x_wconf 89' lang='lat' dir='ltr'><strong>delati</strong></span> <span class='ocrx_word' id='word_1_27' title='bbox 896 1113 1041 1161; x_wconf 90' lang='lat' dir='ltr'><strong>aliud</strong></span> <span class='ocrx_word' id='word_1_28' title='bbox 1065 1111 1202 1160; x_wconf 92' lang='lat' dir='ltr'><strong>coeli</strong></span> <span class='ocrx_word' id='word_1_29' title='bbox 1227 1121 1559 1159; x_wconf 82' lang='lat' dir='ltr'>momentum</span> 
     </span>
     <span class='ocr_line' id='line_1_6' title="bbox 151 1191 1563 1255; baseline -0.004 -14"><span class='ocrx_word' id='word_1_30' title='bbox 151 1194 290 1241; x_wconf 87' lang='lat' dir='ltr'><strong>verti</strong></span> <span class='ocrx_word' id='word_1_31' title='bbox 315 1192 582 1255; x_wconf 87' lang='lat' dir='ltr'><strong>aliamque</strong></span> <span class='ocrx_word' id='word_1_32' title='bbox 611 1207 792 1240; x_wconf 81' lang='lat' dir='ltr'><strong>rerum</strong></span> <span class='ocrx_word' id='word_1_33' title='bbox 820 1206 1038 1239; x_wconf 81' lang='lat' dir='ltr'>scenam</span> <span class='ocrx_word' id='word_1_34' title='bbox 1066 1192 1353 1240; x_wconf 82' lang='lat' dir='ltr'><strong>succedere</strong></span> <span class='ocrx_word' id='word_1_35' title='bbox 1397 1191 1563 1237; x_wconf 86' lang='lat' dir='ltr'><strong>anim-</strong></span> 
     </span>
     <span class='ocr_line' id='line_1_7' title="bbox 154 1268 1563 1333; baseline -0.001 -16"><span class='ocrx_word' id='word_1_36' title='bbox 154 1271 461 1326; x_wconf 79' lang='lat' dir='ltr'><strong>advertunt,</strong></span> <span class='ocrx_word' id='word_1_37' title='bbox 522 1269 906 1333; x_wconf 79' lang='lat' dir='ltr'><strong>aliquantisper</strong></span> <span class='ocrx_word' id='word_1_38' title='bbox 949 1268 1263 1323; x_wconf 81' lang='lat' dir='ltr'>subsistant,</span> <span class='ocrx_word' id='word_1_39' title='bbox 1298 1278 1351 1316; x_wconf 91' lang='lat' dir='ltr'><strong>et</strong></span> <span class='ocrx_word' id='word_1_40' title='bbox 1410 1268 1563 1331; x_wconf 81' lang='lat' dir='ltr'><strong>quid-</strong></span> 
     </span>
     <span class='ocr_line' id='line_1_8' title="bbox 155 1346 1586 1415; baseline -0.001 -17"><span class='ocrx_word' id='word_1_41' title='bbox 155 1351 281 1414; x_wconf 89' lang='lat' dir='ltr'>quid</span> <span class='ocrx_word' id='word_1_42' title='bbox 319 1366 408 1397; x_wconf 91' lang='lat' dir='ltr'><strong>seu</strong></span> <span class='ocrx_word' id='word_1_43' title='bbox 444 1348 798 1415; x_wconf 80' lang='lat' dir='ltr'><strong>confragosae</strong></span> <span class='ocrx_word' id='word_1_44' title='bbox 837 1363 901 1396; x_wconf 88' lang='lat' dir='ltr'><strong>ac</strong></span> <span class='ocrx_word' id='word_1_45' title='bbox 933 1346 1105 1397; x_wconf 88' lang='lat' dir='ltr'><strong>deviis</strong></span> <span class='ocrx_word' id='word_1_46' title='bbox 1145 1351 1586 1396; x_wconf 65' lang='lat' dir='ltr'><strong>commeantium·</strong></span> 
     </span>
     <span class='ocr_line' id='line_1_9' title="bbox 153 1425 1562 1492; baseline -0.001 -15"><span class='ocrx_word' id='word_1_47' title='bbox 153 1427 425 1482; x_wconf 84' lang='lat' dir='ltr'><strong>erroribus</strong></span> <span class='ocrx_word' id='word_1_48' title='bbox 463 1425 752 1492; x_wconf 80' lang='lat' dir='ltr'><strong>abruptae,</strong></span> <span class='ocrx_word' id='word_1_49' title='bbox 791 1442 880 1475; x_wconf 88' lang='lat' dir='ltr'><strong>seu</strong></span> <span class='ocrx_word' id='word_1_50' title='bbox 919 1442 1139 1478; x_wconf 83' lang='lat' dir='ltr'><strong>occursu</strong></span> <span class='ocrx_word' id='word_1_51' title='bbox 1176 1431 1436 1477; x_wconf 84' lang='lat' dir='ltr'><strong>silvarum</strong></span> <span class='ocrx_word' id='word_1_52' title='bbox 1476 1443 1562 1475; x_wconf 89' lang='lat' dir='ltr'><strong>co-</strong></span> 
     </span>
     <span class='ocr_line' id='line_1_10' title="bbox 127 1506 1560 1574; baseline 0.001 -20"><span class='ocrx_word' id='word_1_53' title='bbox 127 1516 426 1563; x_wconf 75' lang='lat' dir='ltr'><strong>arctatae,</strong></span> <span class='ocrx_word' id='word_1_54' title='bbox 486 1521 620 1555; x_wconf 88' lang='lat' dir='ltr'><strong>nunc</strong></span> <span class='ocrx_word' id='word_1_55' title='bbox 677 1506 955 1556; x_wconf 89' lang='lat' dir='ltr'><strong>latioribus</strong></span> <span class='ocrx_word' id='word_1_56' title='bbox 1015 1507 1221 1574; x_wconf 87' lang='lat' dir='ltr'><strong>campis</strong></span> <span class='ocrx_word' id='word_1_57' title='bbox 1269 1509 1560 1574; x_wconf 81' lang='lat' dir='ltr'><strong>explicitae</strong></span> 
     </span>
     <span class='ocr_line' id='line_1_11' title="bbox 155 1587 1558 1653; baseline -0.001 -17"><span class='ocrx_word' id='word_1_58' title='bbox 155 1591 282 1637; x_wconf 82' lang='lat' dir='ltr'><strong>viae</strong></span> <span class='ocrx_word' id='word_1_59' title='bbox 306 1621 318 1643; x_wconf 91' lang='lat'>‚</span> <span class='ocrx_word' id='word_1_60' title='bbox 371 1587 513 1651; x_wconf 89' lang='lat' dir='ltr'><strong>quod</strong></span> <span class='ocrx_word' id='word_1_61' title='bbox 545 1602 577 1635; x_wconf 87' lang='lat' dir='ltr'><strong>a</strong></span> <span class='ocrx_word' id='word_1_62' title='bbox 614 1594 764 1653; x_wconf 87' lang='lat' dir='ltr'><strong>tergo</strong></span> <span class='ocrx_word' id='word_1_63' title='bbox 791 1588 1036 1638; x_wconf 84' lang='lat' dir='ltr'><strong>relictum</strong></span> <span class='ocrx_word' id='word_1_64' title='bbox 1075 1599 1183 1640; x_wconf 89' lang='lat' dir='ltr'><strong>est,</strong></span> <span class='ocrx_word' id='word_1_65' title='bbox 1220 1605 1340 1638; x_wconf 89' lang='lat' dir='ltr'><strong>cum</strong></span> <span class='ocrx_word' id='word_1_66' title='bbox 1378 1591 1558 1636; x_wconf 85' lang='lat' dir='ltr'><strong>animo</strong></span> 
     </span>
     <span class='ocr_line' id='line_1_12' title="bbox 159 1667 1561 1734; baseline 0.001 -19"><span class='ocrx_word' id='word_1_67' title='bbox 159 1683 255 1717; x_wconf 91' lang='lat' dir='ltr'><strong>suo</strong></span> <span class='ocrx_word' id='word_1_68' title='bbox 282 1674 542 1732; x_wconf 82' lang='lat' dir='ltr'><strong>exputent</strong></span> <span class='ocrx_word' id='word_1_69' title='bbox 580 1680 645 1713; x_wconf 94' lang='lat' dir='ltr'><strong>ac</strong></span> <span class='ocrx_word' id='word_1_70' title='bbox 670 1667 831 1733; x_wconf 87' lang='lat' dir='ltr'><strong>plane</strong></span> <span class='ocrx_word' id='word_1_71' title='bbox 862 1670 1236 1726; x_wconf 67' lang='lat' dir='ltr'><strong>remetiantur&#39;,</strong></span> <span class='ocrx_word' id='word_1_72' title='bbox 1267 1685 1429 1734; x_wconf 89' lang='lat' dir='ltr'><strong>seque</strong></span> <span class='ocrx_word' id='word_1_73' title='bbox 1458 1668 1561 1717; x_wconf 83' lang='lat' dir='ltr'><strong>hac</strong></span> 
     </span>
     <span class='ocr_line' id='line_1_13' title="bbox 152 1735 1563 1814; baseline 0.002 -22"><span class='ocrx_word' id='word_1_74' title='bbox 152 1746 275 1814; x_wconf 78' lang='lat' dir='ltr'><strong>ipsa</strong></span> <span class='ocrx_word' id='word_1_75' title='bbox 297 1735 703 1802; x_wconf 87' lang='lat' dir='ltr'><strong>difficultatum,</strong></span> <span class='ocrx_word' id='word_1_76' title='bbox 740 1763 869 1811; x_wconf 88' lang='lat' dir='ltr'><strong>quas</strong></span> <span class='ocrx_word' id='word_1_77' title='bbox 908 1745 1124 1796; x_wconf 87' lang='lat' dir='ltr'><strong>eluctati</strong></span> <span class='ocrx_word' id='word_1_78' title='bbox 1152 1748 1345 1797; x_wconf 88' lang='lat' dir='ltr'><strong>fuerint</strong></span> <span class='ocrx_word' id='word_1_79' title='bbox 1368 1782 1380 1802; x_wconf 90' lang='lat'><em>‚</em></span> <span class='ocrx_word' id='word_1_80' title='bbox 1419 1748 1563 1796; x_wconf 90' lang='lat' dir='ltr'><strong>haud</strong></span> 
     </span>
     <span class='ocr_line' id='line_1_14' title="bbox 154 1826 1563 1893; baseline -0.001 -16"><span class='ocrx_word' id='word_1_81' title='bbox 154 1826 439 1893; x_wconf 85' lang='lat' dir='ltr'><strong>injucunda</strong></span> <span class='ocrx_word' id='word_1_82' title='bbox 471 1826 851 1874; x_wconf 83' lang='lat' dir='ltr'><strong>retractatione</strong></span> <span class='ocrx_word' id='word_1_83' title='bbox 889 1827 959 1875; x_wconf 92' lang='lat' dir='ltr'><strong>ad</strong></span> <span class='ocrx_word' id='word_1_84' title='bbox 998 1828 1276 1879; x_wconf 82' lang='lat' dir='ltr'><strong>ulteriora,</strong></span> <span class='ocrx_word' id='word_1_85' title='bbox 1332 1827 1377 1877; x_wconf 86' lang='lat' dir='ltr'><strong>si</strong></span> <span class='ocrx_word' id='word_1_86' title='bbox 1425 1844 1563 1893; x_wconf 79' lang='lat' dir='ltr'><strong>quae</strong></span> 
     </span>
     <span class='ocr_line' id='line_1_15' title="bbox 154 1908 1558 1972; baseline 0.001 -17"><span class='ocrx_word' id='word_1_87' title='bbox 154 1908 297 1956; x_wconf 77' lang='lat' dir='ltr'><strong>forte</strong></span> <span class='ocrx_word' id='word_1_88' title='bbox 323 1918 445 1954; x_wconf 88' lang='lat' dir='ltr'><strong>ante</strong></span> <span class='ocrx_word' id='word_1_89' title='bbox 463 1940 484 1961; x_wconf 80' lang='lat'><strong>‚·</strong></span> <span class='ocrx_word' id='word_1_90' title='bbox 511 1921 672 1970; x_wconf 87' lang='lat' dir='ltr'><strong>quam</strong></span> <span class='ocrx_word' id='word_1_91' title='bbox 703 1913 948 1970; x_wconf 89' lang='lat' dir='ltr'><strong>optatam</strong></span> <span class='ocrx_word' id='word_1_92' title='bbox 981 1914 1177 1954; x_wconf 84' lang='lat' dir='ltr'><strong>metam</strong></span> <span class='ocrx_word' id='word_1_93' title='bbox 1221 1910 1558 1972; x_wconf 81' lang='lat' dir='ltr'><strong>contingant,</strong></span> 
     </span>
     <span class='ocr_line' id='line_1_16' title="bbox 153 1985 1562 2051; baseline -0.001 -17"><span class='ocrx_word' id='word_1_94' title='bbox 153 1985 543 2050; x_wconf 86' lang='lat' dir='ltr'><strong>impedimenta</strong></span> <span class='ocrx_word' id='word_1_95' title='bbox 580 2000 850 2040; x_wconf 83' lang='lat' dir='ltr'><strong>emersura</strong></span> <span class='ocrx_word' id='word_1_96' title='bbox 885 1986 1009 2047; x_wconf 86' lang='lat' dir='ltr'><strong>sint,</strong></span> <span class='ocrx_word' id='word_1_97' title='bbox 1064 1989 1436 2051; x_wconf 77' lang='lat' dir='ltr'><strong>exsuperanda</strong></span> <span class='ocrx_word' id='word_1_98' title='bbox 1476 2002 1562 2035; x_wconf 90' lang='lat' dir='ltr'><strong>ac-</strong></span> 
     </span>
     <span class='ocr_line' id='line_1_17' title="bbox 159 2066 1564 2132; baseline 0 -18"><span class='ocrx_word' id='word_1_99' title='bbox 159 2066 406 2132; x_wconf 85' lang='lat' dir='ltr'><strong>cingant,</strong></span> <span class='ocrx_word' id='word_1_100' title='bbox 473 2068 831 2130; x_wconf 84' lang='lat' dir='ltr'><strong>suscitatoque</strong></span> <span class='ocrx_word' id='word_1_101' title='bbox 871 2066 949 2113; x_wconf 87' lang='lat' dir='ltr'><strong>ita</strong></span> <span class='ocrx_word' id='word_1_102' title='bbox 997 2066 1183 2132; x_wconf 84' lang='lat' dir='ltr'><strong>spiritu</strong></span> <span class='ocrx_word' id='word_1_103' title='bbox 1245 2083 1307 2115; x_wconf 88' lang='lat' dir='ltr'><strong>ac</strong></span> <span class='ocrx_word' id='word_1_104' title='bbox 1358 2067 1564 2115; x_wconf 81' lang='lat' dir='ltr'><strong>Bonum</strong></span> 
     </span>
     <span class='ocr_line' id='line_1_18' title="bbox 155 2145 1563 2216; baseline 0.001 -23"><span class='ocrx_word' id='word_1_105' title='bbox 155 2145 424 2194; x_wconf 87' lang='lat' dir='ltr'><strong>Eventum</strong></span> <span class='ocrx_word' id='word_1_106' title='bbox 446 2149 545 2194; x_wconf 89' lang='lat' dir='ltr'><strong>rite</strong></span> <span class='ocrx_word' id='word_1_107' title='bbox 566 2148 713 2212; x_wconf 88' lang='lat' dir='ltr'><strong>prius</strong></span> <span class='ocrx_word' id='word_1_108' title='bbox 738 2145 1014 2210; x_wconf 89' lang='lat' dir='ltr'><strong>adprecati</strong></span> <span class='ocrx_word' id='word_1_109' title='bbox 1032 2149 1286 2196; x_wconf 84' lang='lat' dir='ltr'><strong>audacter</strong></span> <span class='ocrx_word' id='word_1_110' title='bbox 1310 2158 1563 2216; x_wconf 78' lang='lat' dir='ltr'><strong>pergant3</strong></span> 
     </span>
     <span class='ocr_line' id='line_1_19' title="bbox 157 2224 1562 2296; baseline 0 -21"><span class='ocrx_word' id='word_1_111' title='bbox 157 2225 354 2275; x_wconf 85' lang='lat' dir='ltr'><strong>eodem</strong></span> <span class='ocrx_word' id='word_1_112' title='bbox 388 2225 500 2275; x_wconf 85' lang='lat' dir='ltr'><strong>fere</strong></span> <span class='ocrx_word' id='word_1_113' title='bbox 539 2236 752 2294; x_wconf 84' lang='lat' dir='ltr'><strong>egomet</strong></span> <span class='ocrx_word' id='word_1_114' title='bbox 776 2224 910 2292; x_wconf 83' lang='lat' dir='ltr'><strong>ipse,</strong></span> <span class='ocrx_word' id='word_1_115' title='bbox 945 2228 1128 2291; x_wconf 85' lang='lat' dir='ltr'><strong>quidni</strong></span> <span class='ocrx_word' id='word_1_116' title='bbox 1154 2231 1293 2277; x_wconf 91' lang='lat' dir='ltr'><strong>enim</strong></span> <span class='ocrx_word' id='word_1_117' title='bbox 1332 2232 1562 2296; x_wconf 86' lang='lat' dir='ltr'><strong>ingenue</strong></span> 
     </span>
     <span class='ocr_line' id='line_1_20' title="bbox 142 2309 1561 2375; baseline -0.002 -17"><span class='ocrx_word' id='word_1_118' title='bbox 142 2309 364 2358; x_wconf 77' lang='lat' dir='ltr'><strong>fatear,</strong></span> <span class='ocrx_word' id='word_1_119' title='bbox 413 2309 700 2375; x_wconf 89' lang='lat' dir='ltr'><strong>profligata</strong></span> <span class='ocrx_word' id='word_1_120' title='bbox 739 2309 1174 2373; x_wconf 82' lang='lat' dir='ltr'><strong>qualitercunque</strong></span> <span class='ocrx_word' id='word_1_121' title='bbox 1223 2311 1364 2358; x_wconf 85' lang='lat' dir='ltr'><strong>vasti</strong></span> <span class='ocrx_word' id='word_1_122' title='bbox 1401 2318 1561 2373; x_wconf 86' lang='lat' dir='ltr'><strong>atque</strong></span> 
     </span>
     <span class='ocr_line' id='line_1_21' title="bbox 159 2387 1563 2455; baseline -0.001 -18"><span class='ocrx_word' id='word_1_123' title='bbox 159 2387 405 2453; x_wconf 89' lang='lat' dir='ltr'><strong>impediti</strong></span> <span class='ocrx_word' id='word_1_124' title='bbox 447 2390 647 2452; x_wconf 89' lang='lat' dir='ltr'><strong>operis,</strong></span> <span class='ocrx_word' id='word_1_125' title='bbox 705 2388 851 2455; x_wconf 84' lang='lat' dir='ltr'><strong>cujus</strong></span> <span class='ocrx_word' id='word_1_126' title='bbox 890 2387 1195 2453; x_wconf 78' lang='lat' dir='ltr'><strong>perficiundi</strong></span> <span class='ocrx_word' id='word_1_127' title='bbox 1229 2388 1434 2452; x_wconf 87' lang='lat' dir='ltr'><strong>aliquot</strong></span> <span class='ocrx_word' id='word_1_128' title='bbox 1471 2387 1563 2435; x_wconf 89' lang='lat' dir='ltr'><strong>ab·</strong></span> 
     </span>
     <span class='ocr_line' id='line_1_22' title="bbox 155 2467 1563 2534; baseline -0.003 -17"><span class='ocrx_word' id='word_1_129' title='bbox 155 2467 281 2517; x_wconf 87' lang='lat' dir='ltr'><strong>hinc</strong></span> <span class='ocrx_word' id='word_1_130' title='bbox 313 2469 466 2517; x_wconf 85' lang='lat' dir='ltr'><strong>annis</strong></span> <span class='ocrx_word' id='word_1_131' title='bbox 503 2468 713 2534; x_wconf 89' lang='lat' dir='ltr'><strong>publice</strong></span> <span class='ocrx_word' id='word_1_132' title='bbox 750 2485 945 2517; x_wconf 89' lang='lat' dir='ltr'><strong>nornen</strong></span> <span class='ocrx_word' id='word_1_133' title='bbox 989 2468 1253 2534; x_wconf 87' lang='lat' dir='ltr'><strong>professus</strong></span> <span class='ocrx_word' id='word_1_134' title='bbox 1295 2483 1435 2519; x_wconf 86' lang='lat' dir='ltr'><strong>sum,</strong></span> <span class='ocrx_word' id='word_1_135' title='bbox 1487 2467 1563 2514; x_wconf 85' lang='lat' dir='ltr'><strong>di·</strong></span> 
     </span>
     <span class='ocr_line' id='line_1_23' title="bbox 159 2549 1562 2617; baseline 0.001 -22"><span class='ocrx_word' id='word_1_136' title='bbox 159 2549 327 2598; x_wconf 86' lang='lat' dir='ltr'><strong>midia</strong></span> <span class='ocrx_word' id='word_1_137' title='bbox 375 2558 560 2617; x_wconf 83' lang='lat' dir='ltr'><strong>parte,</strong></span> <span class='ocrx_word' id='word_1_138' title='bbox 613 2550 836 2611; x_wconf 83' lang='lat' dir='ltr'><strong>eodem,</strong></span> <span class='ocrx_word' id='word_1_139' title='bbox 886 2552 1135 2614; x_wconf 86' lang='lat' dir='ltr'><strong>inquam,</strong></span> <span class='ocrx_word' id='word_1_140' title='bbox 1186 2564 1273 2596; x_wconf 89' lang='lat' dir='ltr'><strong>me</strong></span> <span class='ocrx_word' id='word_1_141' title='bbox 1311 2549 1562 2596; x_wconf 83' lang='lat' dir='ltr'><strong>constitu·</strong></span> 
     </span>
     <span class='ocr_line' id='line_1_24' title="bbox 156 2630 1563 2695; baseline -0.001 -19"><span class='ocrx_word' id='word_1_142' title='bbox 156 2638 270 2676; x_wconf 85' lang='lat' dir='ltr'><strong>tum</strong></span> <span class='ocrx_word' id='word_1_143' title='bbox 305 2631 456 2685; x_wconf 92' lang='lat' dir='ltr'><strong>loco,</strong></span> <span class='ocrx_word' id='word_1_144' title='bbox 505 2631 803 2695; x_wconf 84' lang='lat' dir='ltr'><strong>eodemque</strong></span> <span class='ocrx_word' id='word_1_145' title='bbox 850 2630 1060 2679; x_wconf 85' lang='lat' dir='ltr'><strong>adfectu</strong></span> <span class='ocrx_word' id='word_1_146' title='bbox 1102 2645 1183 2676; x_wconf 82' lang='lat' dir='ltr'><strong>me</strong></span> <span class='ocrx_word' id='word_1_147' title='bbox 1225 2630 1411 2677; x_wconf 80' lang='lat' dir='ltr'><strong>intime</strong></span> <span class='ocrx_word' id='word_1_148' title='bbox 1446 2643 1563 2693; x_wconf 82' lang='lat' dir='ltr'><strong>per-</strong></span> 
     </span>
     <span class='ocr_line' id='line_1_25' title="bbox 158 2709 1560 2776; baseline 0.001 -22"><span class='ocrx_word' id='word_1_149' title='bbox 158 2711 352 2767; x_wconf 79' lang='lat' dir='ltr'><strong>tentari</strong></span> <span class='ocrx_word' id='word_1_150' title='bbox 391 2711 574 2760; x_wconf 77' lang='lat' dir='ltr'><strong>sentio.</strong></span> <span class='ocrx_word' id='word_1_151' title='bbox 620 2709 799 2776; x_wconf 81' lang='lat' dir='ltr'><strong>Atque</strong></span> <span class='ocrx_word' id='word_1_152' title='bbox 828 2709 949 2760; x_wconf 88' lang='lat' dir='ltr'><strong>huic</strong></span> <span class='ocrx_word' id='word_1_153' title='bbox 981 2709 1365 2775; x_wconf 26' lang='lat' dir='ltr'><strong>quidem-tanto</strong></span> <span class='ocrx_word' id='word_1_154' title='bbox 1404 2724 1560 2761; x_wconf 68' lang='lat' dir='ltr'><strong>excu-</strong></span> 
     </span>
    </p>
   </div>
  </div>
 </body>
</html>
