1779 3085
665 224 720 234 -..
806 211 892 258 700
976 219 1033 234 ι·-

159 324 276 353 tecum
300 314 433 357 trahes,
465 327 536 350 una
556 311 751 354 occidam2
780 314 939 360 imagine
960 311 1007 348 ab
1034 308 1204 347 aedificio
1237 309 1370 354 ductu
1407 311 1533 364 qnod·

161 378 291 414 solutis
322 376 560 425 compagibus
593 388 636 411 ac
667 375 842 417 juncturis
868 375 1065 410 collabitur
1098 374 1202 420 Virg.
1243 377 1338 410 Aen.
1369 372 1420 408 II.
1455 374 1539 418 465.

167 450 209 471 ea
233 438 340 482 lapsa
358 442 514 483 repente
534 436 687 471 ruinam
707 447 794 470 cum
814 436 945 471 sonitu
969 435 1100 471 trahit.
1132 435 1324 470 Claudian.
1345 433 1394 471 de
1426 433 1473 472 R.
1499 434 1544 473 P.

161 498 232 533 111.
255 503 340 543 379.
373 499 525 546 pariter
549 505 706 534 traxere
731 499 886 533 ruinam
912 518 955 528 -—
981 508 1186 544 campoque
1212 493 1449 540 recumbunt.
1484 495 1543 531 ld.

164 562 201 594 in
229 561 369 596 Phoen.
393 572 454 605 33.
483 560 597 601 pinus
628 571 752 594 seram
771 559 1001 605 ponderibus
1023 558 1155 606 pronis
1182 563 1355 592 tractura
1374 556 1544 591 ruinam.

160 618 236 654 Alii
256 619 370 655 ducet
389 635 470 671 pro,
493 621 668 663 adducet,
690 621 828 658 dictum
852 620 993 663 volunt,
1017 626 1146 672 'parurn
1167 619 1289 656 docte.
1310 637 1356 646 —
1376 630 1412 660 9.
1436 610 1545 651 Dixi

163 686 447 716 sacramentum
464 709 473 725 ,
502 681 739 731 jurejurando
762 697 819 719 me
842 681 1038 724 obstrinxi,
1053 681 1252 730 perfidum
1277 706 1287 722 ,
1312 680 1410 730 quod
1443 677 1548 712 (ulle-

167 753 259 784 rem,
281 750 404 777 sancte
424 741 587 790 adjuravi
613 743 694 787 tibi,
714 757 771 779 me
792 756 984 794 numquam
1011 750 1045 778 te
1071 742 1314 779 deserturum.
1334 739 1474 776 Dicere
1487 749 1548 772 sa-

163 805 405 836 cramentum
433 802 545 838 verba
563 804 733 838 solennia
755 804 800 839 de
823 807 1028 851 juramento
1051 804 1218 845 militari,
1231 806 1316 838 satis
1336 802 1548 838 adcommo-

163 863 246 897 data
267 863 305 899 h.
326 862 348 897 l.
376 863 471 898 Nam
504 865 552 898 uti
593 862 731 898 milites
758 862 939 911 jurabant,
964 875 1002 897 se
1031 875 1223 913 numquam
1247 862 1458 898 deserturos
1482 862 1553 895 mi·

159 922 303 964 litiam3
332 924 381 957 ita
404 927 585 969 juraverat
609 923 797 965 Horatius,
816 934 856 958 se
876 922 1135 958 Maecenatem
1159 923 1254 957 haud
1271 923 1548 958 derelicturum.

161 1000 204 1010 —
233 995 288 1019 10.
307 983 464 1028 ibimus,
485 983 624 1018 ibimus
642 1010 652 1028 ‚
673 985 909 1031 geminatum.
934 984 1092 1031 graviter
1113 983 1364 1031 adseuerantis
1394 992 1463 1023 est,
1480 994 1550 1030 pro

161 1043 317 1090 vulgari,
345 1058 475 1095 sequar
503 1054 537 1082 te
554 1072 565 1088 ,
583 1051 789 1091 utcunque,
814 1046 937 1081 statim
968 1043 1078 1078 simul
1112 1056 1155 1078 ac
1185 1041 1399 1089 praecedes.
1437 1042 1550 1081 Color

158 1107 334 1141 orationis
357 1105 487 1141 itidem
514 1108 648 1153 petitus
668 1119 688 1140 a
720 1098 951 1142 sacramento
975 1105 1142 1141 militari.
1191 1105 1282 1140 Nam
1320 1113 1356 1139 ut
1390 1104 1550 1142 militum

163 1174 255 1207 erat,
283 1165 415 1200 ducem
441 1173 476 1201 et
494 1167 598 1212 signa
634 1168 760 1217 sequi,
796 1180 1012 1218 quocunque
1048 1165 1258 1209 tenderent,
1293 1168 1343 1201 ita
1376 1166 1550 1207 Horatius

158 1225 414 1262 Maecenatem
443 1226 728 1276 praecedentem
754 1235 940 1277 tamquam
976 1226 1109 1261 ducem
1133 1225 1236 1262 illico
1269 1236 1480 1262 secuturum
1510 1239 1551 1262 se

158 1287 330 1337 spondet.
352 1306 397 1315 —
419 1298 474 1322 12.
492 1297 545 1324 12.
566 1288 712 1332 parati,
737 1287 932 1333 πρόθυμοι,
956 1300 1121 1334 carpere,
1145 1287 1192 1324 ad
1207 1288 1440 1338 carpendum,
1456 1287 1552 1324 haud

161 1356 379 1384 cunctanter
404 1350 561 1398 carpturi
587 1347 662 1381 iter
683 1346 840 1381 comites
862 1361 943 1388 una.
983 1356 1116 1389 tecum,
1141 1351 1348 1384 comitaturi
1369 1359 1404 1385 te
1430 1351 1466 1384 in
1491 1360 1552 1384 su·

155 1421 290 1457 premo
318 1407 473 1449 itinere,
493 1408 540 1442 ad
562 1407 643 1442 loca
672 1407 803 1444 infera.
842 1408 903 1440 Ire
925 1407 978 1440 ad
998 1406 1142 1455 inferos
1155 1409 1368 1459 pervulgata
1388 1411 1549 1457 imagine

161 1470 294 1509 dicitur
319 1482 399 1517 pro,
423 1471 529 1505 mori.
555 1468 650 1503 Vide
674 1468 721 1503 ad
745 1470 773 1505 Ι.
797 1481 833 1511 4
855 1480 909 1512 17.
936 1468 1162 1505 Nobilitavit
1188 1483 1268 1507 eam
1281 1479 1405 1521 poeta,
1428 1471 1552 1506 dicen·

161 1529 233 1570 do,
270 1539 493 1574 supremum
529 1531 598 1565 iter
638 1541 804 1578 carpere.
842 1525 1022 1563 Similiter
1062 1527 1266 1579 Sophocles
1313 1533 1437 1579 Antig.
1471 1534 1554 1573 818·

153 1587 288 1632 Ὀρᾶτε
321 1589 366 1630 μὲ
396 1606 440 1615 -
463 1588 538 1622 τοῖν
568 1600 742 1622 νεκταν
766 1585 874 1625 ὁδὸν
908 1587 1209 1632 στειχοῧσσιν
1245 1593 1362 1625 νέατον
1391 1591 1435 1626 δε
1452 1587 1549 1633 Φέν-

135 1660 138 1665 ·
162 1661 221 1691 705
247 1647 457 1683 ὶεῦσσουσαν
481 1645 611 1681 οἶελιου.
645 1648 817 1684 Simmias
847 1648 971 1683 Rhod
1003 1649 1067 1686 IV
1091 1651 1126 1693 4.
1156 1650 1286 1696 (Anal.
1310 1653 1374 1686 Bt.
1395 1652 1422 1687 I.
1446 1655 1552 1696 204)

163 1709 247 1754 ᾤχεο
273 1709 349 1755 7⁵3?
369 1705 539 1750 πυμάταν
563 1709 607 1740 εἰς
628 1706 831 1749 Ἀχέροντος
855 1704 950 1744 ὀδόν.

258 1783 293 1806 0.
323 1780 376 1812 ¹3·
408 1767 528 1804 Nullis
561 1767 759 1823 terriculis,
790 1779 837 1803 ne
867 1769 1058 1805 horrendis
1092 1770 1241 1821 quidem
1271 1771 1420 1806 Tartari
1454 1785 1556 1808 mon-

170 1834 255 1868 stris
283 1833 317 1866 in
338 1831 412 1866 hoc
433 1831 566 1874 itinere
592 1829 750 1877 objectis
772 1842 829 1864 me
854 1842 875 1864 a
897 1838 932 1865 te
956 1830 1089 1866 divelli
1111 1834 1244 1881 patiar,
1268 1840 1475 1869 constanter
1508 1834 1554 1869 ti-.

161 1892 200 1929 bi
224 1891 448 1931 adhaerebo.
485 1888 633 1935 lAnimo
656 1893 764 1938 igitur
796 1892 979 1941 praecipit
1002 1900 1125 1942 poeta,
1146 1907 1238 1945 quae
1270 1907 1309 1930 se
1341 1904 1424 1945 post
1453 1907 1552 1932 mor-

160 1963 236 1991 tem
258 1967 279 1989 a
303 1953 531 1990 Maecenatis
554 1953 739 1988 consortio
763 1951 972 2000 disjungere
996 1955 1154 2003 possint.
1192 1955 1428 1992 Generaliter
1457 1956 1553 1997 hanc

165 2016 298 2051 amoris
323 2014 607 2050 obtestationem
631 2012 680 2052 ab
705 2015 820 2063 intpp.
843 2015 962 2064 accipi
987 2015 1108 2060 video,
1137 2018 1243 2067 quasi
1273 2019 1374 2052 vivus
1408 2015 1557 2054 videns·

160 2089 230 2126 que
257 2076 429 2110 monstris
452 2076 532 2111 istis
559 2087 597 2110 se
627 2083 971 2120 cessurumnegau
1000 2074 1112 2128 quod,
1133 2091 1176 2113 ne
1203 2077 1291 2124 quid
1325 2080 1466 2126 gravius
1498 2078 1555 2114 di-

161 2149 263 2177 cam,
293 2135 490 2172 admodum
528 2138 690 2184 jeiunum
727 2135 838 2172 foret.
875 2136 950 2173 Sed
980 2138 1230 2185 cogitandum,
1259 2139 1493 2176 Chimaeram
1515 2148 1553 2176 et

163 2197 237 2232 alia
256 2196 418 2233 monstra
441 2199 476 2231 in
499 2197 600 2233 aditu
623 2195 671 2231 ad
694 2195 914 2232 Umbrarum
935 2197 1015 2233 loca
1041 2211 1061 2233 a
1081 2201 1200 2249 poetis
1225 2185 1421 2244 colt'ocari,
1438 2203 1553 2238 etiam

163 2271 183 2294 a
205 2259 362 2305 Virgilio
387 2259 478 2293 Aen.
507 2257 573 2294 VI.
596 2261 663 2301 285
679 2263 787 2301 ·28‹).
813 2259 909 2295 Tum
939 2268 974 2296 et
999 2260 1226 2297 Centimanis
1242 2288 1252 2306 ‚
1275 2276 1295 2299 e
1314 2262 1445 2314 quibus
1465 2277 1552 2313 poe-

163 2328 200 2355 ta
225 2318 358 2365 Gygen
379 2319 530 2364 (Virgil.
552 2318 576 2353 Ι.
600 2319 626 2354 l.
648 2319 869 2365 Briareum)
892 2331 1169 2366 commemorat,
1194 2325 1230 2358 in
1259 2324 1349 2360 Orci
1370 2323 1552 2360 vestibulo

165 2381 289 2417 sedern
311 2380 546 2428 adsignarunt
570 2389 724 2430 poetae;
753 2385 822 2419 etsi
849 2383 1030 2421 Hesiodus
1054 2398 1117 2421 eos
1148 2387 1184 2420 in
1212 2385 1359 2421 Tartari
1385 2384 1553 2422 faucibus

166 2441 329 2478 collocet
360 2441 503 2488 Theog.
529 2453 609 2484 734.
631 2435 714 2475 ἔνθα
733 2439 862 2486 Γύγης,
887 2441 1014 2478 Κόττος
1034 2456 1070 2478 τε
1090 2459 1114 2495 5
1140 2442 1156 2478 ὅ
1180 2446 1359 2493 Βριάρεως
1382 2447 1556 2491 μεγέθη.

167 2514 230 2546 μης
254 2515 291 2534 να
309 2514 414 2546 ουσιν,
443 2499 597 2545 φύλακες
616 2504 726 2536 πιστοὶ
759 2503 842 2538 Anas
882 2503 1072 2548 αἰγιίχοιο,
1101 2520 1217 2558 quem,
1246 2507 1336 2544 alibi
1374 2508 1552 2556 Virgilius

168 2562 249 2604 (VI.
280 2565 362 2609 574.
390 2563 529 2604 Cernis,
551 2562 726 2603 custodia
749 2565 873 2611 qualis
899 2566 1078 2603 vestibulo
1106 2568 1232 2603 sedeat
1250 2571 1268 2604 2
1291 2583 1344 2606 sc·
1369 2570 1554 2606 Centima-

169 2626 321 2669 norum)
347 2628 385 2661 in
408 2624 540 2664 talibus
563 2625 743 2673 figmentis
772 2627 842 2664 sibi
866 2641 990 2678 parum
1019 2637 1190 2668 constans
1235 2633 1303 2677 (ita
1336 2641 1371 2669 et
1399 2631 1549 2682 Hydrae
