1834 3117
305 377 655 432 lescentibus,
722 393 877 442 opem
938 376 1393 430 desiderantibuS,
1439 369 1711 424 molestio-
1775 370 1779 371 ⁷

304 476 444 514 rem,
481 459 645 506 malui
684 457 1020 521 reprehendi.

438 536 525 586 Ex
553 538 634 585 his
665 535 910 585 omnibus
942 537 1067 585 satis
1104 535 1326 602 intelligi
1359 535 1574 597 opinor,
1619 545 1705 578 me

306 621 359 668 in
398 617 682 665 tractando
713 615 814 664 hoc
852 633 1012 682 opere
1040 617 1272 665 rationes
1300 617 1376 662 ita
1403 609 1711 663 instituisse,

307 711 361 747 ut
392 716 491 746 non
525 707 633 744 tani
686 697 940 755 alioruin,
978 696 1069 761 qui
1098 695 1346 744 eamdem
1365 690 1509 740 viam
1535 685 1710 738 trivis-

308 789 451 829 sent,
512 777 740 843 vestigia
785 793 1077 841 sequerer,
1132 771 1590 834 adminiculaque,
1638 765 1709 814 ad

309 878 441 927 quae
471 859 769 912 adniterer,
801 860 1265 924 circumspicerem
1291 896 1302 915 ‚
1331 867 1489 918 quam
1523 857 1575 894 ut
1595 848 1713 910 ipse

309 940 441 988 mihi
503 942 652 987 viam
714 949 1033 991 sternet-ein,
1105 953 1328 1000 meoque
1381 929 1715 998 potissimum

308 1018 488 1066 Marte
527 1027 739 1065 starem.
812 1017 933 1081 Quo
964 1020 1136 1065 minus
1176 1018 1314 1063 enim
1354 1028 1444 1060 me
1476 1014 1529 1058 in
1567 1022 1711 1054 com-

308 1098 714 1155 mentariorum,
764 1113 884 1148 seu,
927 1107 982 1144 ut
1033 1097 1363 1159 antiquiores
1398 1091 1714 1154 interpretes

309 1177 454 1223 haud
495 1178 675 1238 inepte
720 1176 1039 1241 indigitant,
1088 1182 1507 1223 commentorum
1556 1168 1716 1215 vasti·

309 1264 444 1303 tates
489 1256 862 1309 immitterem,
896 1272 1014 1302 cum
1053 1252 1258 1302 infinita
1303 1266 1486 1300 eorum
1523 1248 1714 1311 copia,

282 1345 419 1382 .tum
443 1335 678 1381 maxime
698 1336 814 1397 ipsa
837 1333 1228 1382 commentandi
1249 1334 1389 1380 ratio
1413 1325 1718 1378 absterruit,

310 1410 804 1474 Inantiquioribns
838 1414 975 1459 enim
1024 1429 1217 1476 quum,
1264 1411 1453 1458 aetatis
1498 1404 1717 1470 quidem

308 1494 460 1551 istius
524 1487 686 1546 vitio,
739 1489 855 1536 sola
917 1492 1027 1538 sere
1065 1491 1304 1537 doctrina
1364 1487 1717 1541 scholastica,

314 1572 457 1617 omni
486 1565 776 1615 venustatis
807 1570 1048 1631 poeticae
1074 1585 1229 1618 sensu
1258 1571 1458 1632 ejurato
1478 1600 1489 1620 ,
1514 1569 1718 1631 regnet,

311 1651 639 1698 recentiores
676 1657 854 1694 autem
893 1647 1129 1713 plerique
1166 1651 1481 1712 interpretes
1516 1645 1570 1691 in
1606 1640 1721 1691 vul-

313 1726 529 1793 garibus
560 1725 745 1774 diserti
777 1726 1059 1785 lectorem,
1101 1727 1188 1775 ubi
1225 1742 1384 1792 opem
1422 1724 1721 1775 desideret,

310 1814 423 1855 fere
462 1807 766 1858 destituant,
804 1808 1184 1870 captandisque
1221 1809 1438 1869 insuper
1469 1799 1720 1850 acumini·

314 1885 435 1935 bus,
485 1884 719 1951 (mogus,
760 1895 809 1931 et
846 1902 985 1949 quae
1039 1886 1089 1933 id
1138 1903 1299 1952 genus
1343 1891 1487 1942 sunt,
1537 1895 1720 1929 verum

318 1981 529 2013 sensum
575 1967 846 2028 poeticum
884 1960 1134 2028 perdant,
1171 1980 1233 2011 ac
1271 1962 1530 2027 speciosis
1580 1975 1720 2007 com·

314 2047 506 2093 mentis
570 2045 715 2090 varie
777 2044 1026 2097 illudant3
1083 2041 1239 2091 facile
1312 2039 1720 2106 praevidebam,

317 2125 715 2191 generosiorem
776 2123 965 2168 mentis
1002 2123 1261 2186 impetum
1321 2119 1563 2167 lectionis
1611 2136 1721 2167 mo-

314 2205 474 2251 lestia
525 2211 682 2264 atque
735 2199 914 2247 taedio
947 2200 1390 2253 sufflaminatum,
1451 2200 1721 2264 animique

317 2284 562 2347 judicium
602 2280 759 2344 plane
786 2277 1030 2325 obtusum
1059 2280 1138 2325 iri.
1209 2278 1332 2325 Rite
1376 2277 1531 2344 igitur
1564 2295 1722 2344 prae-

320 2360 524 2429 paratis
564 2358 803 2407 omnibus
841 2362 1042 2407 accessi
1078 2359 1145 2404 ad
1184 2358 1319 2406 hanc
1356 2356 1723 2422 provinciam,

317 2453 568 2506 tanquam
614 2457 646 2486 a
689 2441 898 2486 nemine
947 2448 1056 2486 tum
1091 2447 1436 2504 occupatam,
1497 2454 1722 2502 eamque

320 2524 389 2584 ad
431 2520 819 2586 praescriptam
860 2535 999 2565 ame
1040 2521 1279 2583 superius
1327 2518 1613 2567 formulam
1648 2519 1723 2564 ita

323 2603 536 2666 quidem
570 2599 859 2664 regundam
897 2601 1295 2664 ornandamque
1333 2600 1516 2654 statui,
1554 2606 1608 2644 ut
1653 2595 1722 2652 ad

320 2697 493 2730 meum
521 2694 734 2742 prorsus
767 2694 980 2726 sensum
1008 2678 1232 2742 quodvis
1270 2693 1480 2725 carmen
1509 2683 1719 2725 excute-

320 2776 461 2818 rem,
511 2767 782 2821 artemque
815 2758 924 2821 ejus
947 2755 1001 2805 iu
1029 2756 1361 2807 inveniendis
1398 2755 1722 2805 tractandis·
