1779 3085
724 165 1089 219 -642—

233 283 681 344 expetendamque
718 285 896 339 ducet,
943 287 1022 328 ita
1052 297 1148 329 nec
1179 287 1404 332 adversa
1432 286 1502 332 ad
1525 286 1605 332 de>-v

233 352 594 409 sperationem
627 351 920 409 adigetur,
968 352 1059 393 secl
1095 353 1424 410 aequabilem
1458 367 1510 396 se
1546 356 1606 397 in

235 424 464 474 utraque
493 417 821 471 praestabit.
889 416 1259 460 Saluberrima
1286 418 1416 461 haec
1444 420 1513 461 ad
1538 419 1612 462 vi-

240 488 347 526 tam
378 486 516 524 recte
560 480 958 524 instituendam
1002 487 1291 538 praecepta
1332 497 1485 541 quam
1522 498 1613 540 pa-

238 562 356 590 rum
385 547 438 588 in
473 545 676 588 Licinii
727 546 1096 589 descenderint
1131 548 1395 600 animum,
1431 546 1613 591 docuit

242 613 437 654 exitas.
506 610 774 667 Siquidem
798 641 811 664 ,
839 612 993 654 initis
1020 626 1132 655 cum
1161 611 1373 655 Fannio
1400 612 1614 670 Caepio-

242 692 305 718 ne
334 676 565 734 Augusti
593 677 931 731 opprimendi
970 677 1236 730 consiliis,
1272 677 1439 735 iisque
1479 678 1615 721 dete—

244 743 358 790 ctis,
385 740 741 798 gravissimas
789 742 1110 786 temeritatis
1139 756 1263 784 suae
1296 756 1497 797 poenas
1535 742 1617 784 de·
1648 752 1649 755 ’

243 807 338 849 dit.
373 820 418 846 v.
448 804 552 845 Dio
600 804 643 845 I.
671 805 715 846 I.
759 805 947 848 Vellei.
979 808 1054 850 II.
1085 821 1162 862 91.
1209 803 1492 864 Refertum
1535 810 1615 849 est

244 873 340 913 hoc
404 881 616 911 carmen
664 869 1027 922 suavissimis,
1085 872 1271 929 quibus
1322 871 1616 914 sententiae

245 933 665 984 adumbrantur,
700 933 965 989 picturis;
1002 939 1108 978 tum
1141 935 1474 993 singularem
1512 936 1618 978 vim

247 1015 308 1044 ac
344 1003 671 1041 venustatem
718 996 879 1039 habet
928 999 1104 1042 brevis
1154 1000 1452 1043 earumdem
1493 999 1646 1046 ddi„

249 1063 461 1107 nealio:
508 1063 685 1106 oratio
734 1075 936 1120 quoque
977 1064 1165 1118 docta,
1214 1064 1505 1115 concinna,
1540 1077 1623 1107 ae-

250 1129 642 1188 quabiliterque
679 1124 957 1185 defluens,
1015 1130 1144 1173 adeo
1172 1156 1184 1178 ‚
1239 1134 1295 1171 ut
1344 1129 1509 1186 plane
1550 1128 1622 1172 ad

253 1194 509 1237 carminis
534 1197 911 1252 argumentum
948 1199 1306 1251 attemperata
1339 1194 1512 1238 videri
1542 1194 1622 1236 de-

253 1259 392 1302 beat.
464 1260 808 1315 Comparetur
843 1263 1018 1302 autem
1056 1275 1170 1304 cum
1214 1274 1270 1303 eo
1308 1257 1522 1303 Lucret.
1559 1258 1618 1303 V.

259 1325 375 1366 1116
404 1339 509 1382 sqq.

583 1498 1301 1544 Adnotationes·

354 1648 384 1668 v.
414 1643 441 1667 1.
467 1651 511 1660 —
534 1640 567 1673 4.
590 1633 769 1678 Rectius,
794 1641 916 1675 recte,
940 1640 1127 1683 sapienter
1151 1636 1260 1670 vitam
1285 1636 1445 1671 institues
1461 1661 1472 1678 ‚
1514 1636 1626 1672 adeo-

258 1708 325 1745 que
349 1694 481 1737 beate,
516 1694 711 1745 tranquille
746 1694 873 1741 deges·
921 1693 999 1728 Jam
1024 1706 1114 1744 quae
1145 1707 1164 1729 e
1189 1693 1327 1740 vulgari
1356 1697 1494 1731 ratione
1519 1698 1624 1747 aequi

256 1755 429 1791 debuerat
454 1756 653 1790 sententia:
683 1754 715 1789 si
736 1765 879 1802 semper
901 1752 1194 1788 mediocritatem
1218 1756 1394 1797 secteris,
1417 1757 1446 1790 si
1468 1757 1502 1790 in
1529 1759 1627 1792 omni

259 1819 330 1851 vita
356 1819 391 1850 in
413 1816 592 1851 mediocri
618 1815 764 1851 fortuna
787 1823 822 1850 te
849 1815 1056 1854 contineas,
1089 1826 1206 1863 neque
1243 1813 1419 1850 honorum
1455 1823 1514 1850 aut
1551 1816 1627 1862 glo-

257 1880 333 1912 riae
364 1877 562 1927 cupiditate
591 1873 776 1919 efferaris,
809 1889 924 1926 neque
942 1874 990 1910 ad
1019 1874 1221 1909 humilioris
1254 1875 1477 1912 conditionis
1501 1876 1627 1912 sordet

259 1938 501 1988 deprimari53
537 1938 646 1974 docta
682 1939 776 1973 hano
808 1933 917 1987 poeta
951 1936 1101 1971 involvit
1139 1934 1340 1983 allegoria,
1381 1949 1401 1972 a
1435 1937 1629 1983 navigatio-

262 2015 305 2036 ne
327 2003 467 2048 petita,
504 2003 603 2048 cujus
637 1998 785 2051 quidem
825 1998 1026 2049 simplicior
1062 1999 1262 2034 enuntiatio
1284 2005 1379 2033 erat:
1417 1999 1447 2033 si
1485 2010 1629 2047 semper

263 2061 424 2096 medum
475 2074 616 2097 cursum
651 2062 808 2097 tenueris
832 2087 842 2102 ,
892 2058 1015 2095 media
1053 2061 1111 2095 via
1153 2061 1389 2107 navigaveris.
1446 2059 1516 2094 Pro
1558 2058 1629 2094 hoc

262 2122 308 2157 ad
345 2122 542 2167 allegoriae
591 2121 695 2170 hujus
727 2119 889 2155 indolem
927 2120 1039 2165 magis
1070 2119 1261 2170 adposite:
1308 2121 1484 2170 sineque
1522 2121 1631 2155 nimis

263 2183 370 2230 longe
414 2186 448 2218 in
489 2183 600 2218 altum
640 2181 889 2231 proveharis,
937 2193 1054 2230 neque
1092 2192 1235 2216 cursum
1278 2181 1384 2215 nimis
1427 2192 1539 2230 prope
1586 2179 1632 2214 li-

264 2251 320 2279 tus
355 2245 522 2290 ‹lirigas3
569 2241 858 2294 quandoquidem
905 2241 995 2276 illud
1026 2241 1201 2290 procellis
1230 2239 1442 2284 infestatur,
1482 2242 1550 2277 hoc
1582 2238 1632 2277 ob

265 2314 387 2342 cautes
424 2306 666 2354 prominentes
708 2303 884 2339 accedere
938 2303 1286 2350 periculosissimum
1323 2311 1388 2339 est.
1437 2304 1630 2338 Neminem

270 2377 357 2402 vero
383 2366 502 2413 Intpp.
536 2363 580 2407 τῷ
601 2375 744 2410 semper
767 2361 964 2408 offensum,
1002 2365 1146 2399 omnino
1172 2364 1328 2399 mireris.
1379 2362 1478 2409 Quid
1500 2362 1627 2399 enim?

268 2441 352 2461 num
385 2425 574 2459 interdum
609 2425 778 2474 expedit,
812 2423 924 2460 altum
959 2433 1083 2461 tenere
1118 2425 1300 2460 interdum
1342 2423 1452 2465 litus,
1482 2424 1519 2458 h.
1557 2437 1632 2459 me-

268 2487 498 2522 diocritatem
545 2485 741 2537 aliquando
783 2486 992 2523 deserere?
1039 2485 1113 2522 Sed
1149 2485 1284 2521 talibus
1323 2485 1472 2530 argutiis
1521 2483 1632 2519 facile

274 2561 467 2588 occurras,
519 2549 547 2581 si
590 2550 764 2583 rationem
814 2550 998 2598 poeticam
1038 2546 1085 2582 ad
1125 2549 1240 2597 prima
1275 2549 1353 2593 ejus
1384 2545 1538 2580 stamina
1579 2555 1633 2578 re-

276 2621 396 2645 voces.
446 2605 596 2644 Scilicet
643 2611 831 2646 exornavit
872 2618 981 2658 poeta
1014 2610 1223 2658 primariam
1263 2607 1356 2642 hanc
1386 2606 1631 2648 cententiam³
