1834 3117
126 294 268 362 ,apud
297 306 499 356 aequos
527 298 578 338 et
598 286 957 357 intelligemes
983 293 1057 339 rei
1077 291 1303 340 arbitros
1329 293 1535 342 redem-

130 386 239 424 tam
269 388 544 438 cuperem,
584 372 796 434 istaque
833 370 1088 437 cogitatio
1118 375 1359 420 animum
1395 371 1545 421 solli-

132 457 286 505 citius
313 452 564 505 haberet3
588 453 637 499 in
669 452 791 517 ipso
819 461 998 501 tamen
1027 454 1204 517 operis
1229 471 1543 520 progressu,

137 551 299 598 quum
333 536 385 580 in
423 532 659 579 medium
708 548 886 580 rerum
937 541 1111 580 actum
1163 534 1432 596 deferrer,
1479 552 1543 584 ac

135 611 476 663 difficultates
519 609 712 675 partim
745 610 959 677 agmine
988 611 1132 661 sacto
1159 630 1244 661 me
1275 613 1544 680 circumsi-

131 696 300 749 lirent‚
337 695 534 756 partim
572 707 639 739 ex
676 691 883 740 insidiis
911 708 1007 741 nec
1028 695 1251 758 opinum
1275 698 1547 760 opprime-

131 782 283 832 rent,
337 772 749 820 sollicitudinem
792 774 949 820 istam
987 773 1205 820 mirifice
1245 776 1429 841 augeri
1475 776 1549 822 in-

136 854 386 918 tendique
417 869 612 918 magno
642 845 759 901 cum
796 854 1077 903 molestiae
1111 871 1266 903 sensu
1296 863 1550 921 expertus

137 950 266 984 sum.
340 933 487 996 Quas
526 932 740 997 quidem
778 933 1118 982 difficultates
1156 937 1376 983 minime
1405 933 1554 982 adfe-

140 1023 311 1061 ctatas
340 1022 429 1060 aut
476 1011 796 1060 remissioris
847 1010 1004 1062 studii
1057 1017 1354 1080 patrocinia.
1390 1032 1422 1062 a
1465 1031 1551 1063 me

144 1096 389 1159 praetexi
427 1092 586 1140 facile
624 1092 725 1140 sibi
763 1095 1091 1144 cordatiores
1135 1094 1553 1161 persuadebunt,

147 1176 189 1222 si
229 1190 315 1221 me
352 1190 456 1221 non
497 1173 825 1221 translaticie
861 1189 1078 1221 munere
1119 1176 1425 1238 interpretis
1467 1174 1554 1221 de-

143 1252 439 1301 functurum
496 1251 653 1310 olim,
707 1267 892 1315 quum,
930 1269 1058 1316 quas
1108 1263 1290 1317 partes
1334 1253 1463 1301 mihi
1502 1255 1558 1304 in

148 1332 382 1381 curando
420 1329 522 1378 hoc
551 1333 766 1395 negotio
814 1330 1049 1398 agendas
1098 1331 1429 1397 tuendasque
1470 1332 1559 1379 de-

148 1415 451 1464 stinassem,
477 1408 769 1475 specimine
797 1411 977 1476 aliquo
1005 1410 1255 1480 evulgato
1281 1412 1560 1477 explicare

148 1492 425 1540 adniterer
448 1526 462 1547 ,
538 1489 751 1555 publice
825 1491 1130 1558 professum
1204 1494 1560 1540 meminerint.

152 1573 330 1637 Quam
355 1570 768 1638 professionem,
798 1589 959 1636 quum
984 1574 1172 1638 justam
1207 1588 1424 1637 operae,
1455 1571 1562 1619 Ho-

156 1649 326 1707 ratiO,
362 1651 672 1708 doctissimo
699 1661 924 1717 poetae,
961 1668 994 1700 a
1028 1653 1562 1717 meimpendendae‚

153 1732 571 1798 descriptionem
609 1741 924 1797 expromat,
959 1732 1047 1782 hic
1081 1733 1455 1798 repone‘ndam
1494 1734 1563 1793 ju-

140 1811 359 1867 ⁴dicavi,
410 1829 514 1876 quo
552 1813 865 1863 luculentius
901 1814 1026 1863 inde
1064 1816 1223 1864 simul
1268 1815 1562 1879 adpareat,
1613 1805 1615 1808 ’

156 1901 352 1956 quanto
380 1893 553 1941 studio
582 1895 630 1942 ei
651 1910 706 1942 re
730 1897 850 1958 ipsa
874 1895 1033 1942 fidem
1057 1895 1331 1944 adstruere
1347 1889 1568 1941 adlabo-

43 1999 60 2020 l
160 1974 412 2025 faverim.

291 2052 458 2119 Igitur
507 2071 829 2120 quamquam
865 2057 938 2106 is,
983 2058 1070 2120 qui
1106 2063 1297 2121 poetae
1345 2053 1569 2117 alicujus

162 2131 327 2184 verba
352 2149 416 2181 ac
437 2148 650 2182 sensum
678 2135 960 2183 commode
988 2144 1146 2199 atque
1173 2133 1453 2201 perspicue
1481 2149 1571 2180 ex-

162 2213 359 2278 plicat,
407 2212 536 2261 boni
583 2216 800 2262 omnino
851 2216 1154 2280 interpretis
1192 2223 1373 2281 partes
1422 2213 1574 2261 susti⁴

161 2296 340 2342 nuisse
381 2294 549 2343 videri
584 2293 771 2348 debet3
807 2296 859 2349 in
908 2293 1136 2343 Horatio
1173 2303 1353 2343 tamen
1406 2294 1575 2360 majo-

163 2389 278 2421 rem
319 2388 594 2439 campum,
628 2376 681 2422 in
719 2392 822 2440 quo
861 2393 978 2424 sese
1007 2383 1293 2439 exerceat„
1326 2384 1576 2440 apertum

166 2452 268 2501 sibi
297 2455 608 2502 existimare
638 2453 824 2516 debet,
853 2471 1118 2520 quumque
1147 2454 1400 2504 Horatius
1425 2456 1469 2501 is
1496 2456 1578 2506 sit,

166 2549 264 2600 per
300 2550 457 2598 quem
487 2534 769 2583 Romanae
800 2545 1040 2602 poeseos
1064 2538 1315 2600 majestas
1347 2532 1578 2590 steterit,

169 2621 259 2685 qui
295 2621 530 2688 linguam
583 2635 760 2678 suam,
808 2619 994 2676 Ennii,
1049 2615 1289 2665 Lucretii
1332 2619 1580 2667 aliorumn

173 2720 276 2768 que
315 2701 587 2753 conatibus
624 2710 833 2756 tantum
871 2703 1234 2753 exasciatam‚
1282 2698 1580 2747 felicissimi
