1834 3117
767 232 814 237 ‚a
914 222 959 258 ,ὅ
1050 232 1106 236 ..μὴ

233 322 524 369 carminum
549 315 819 366 diversum
856 317 1096 368 habitum
1120 337 1182 370 ac
1220 321 1452 368 formam
1488 326 1636 367 cura*

230 402 332 447 tius
366 397 717 462 introspicias.
758 397 888 447 Sunt
920 402 1057 447 enim
1087 401 1138 447 in
1167 401 1255 460 iis,
1282 416 1419 464 quae
1448 413 1634 463 presse

234 493 299 525 ac
339 493 508 542 paene
569 478 637 525 ad
690 478 909 527 verbum
961 495 1028 527 ex
1090 486 1296 545 graecis
1343 478 1633 542 exemplis,

231 559 443 605 etiamsi
487 558 685 605 nullum
739 574 920 606 eorum
971 561 1253 626 vestigium
1304 565 1637 623 superesset,

232 636 389 684 ducta
416 653 533 684 esse
561 647 776 702 praeter
804 639 1097 704 argumenti
1123 640 1379 686 rationem
1400 637 1638 685 adfecta·
1671 632 1674 635 “

229 715 339 766 tior
385 716 637 781 loquendi
684 720 820 766 ratio
873 728 1134 784 enataque
1171 715 1296 770 inde
1341 716 1637 765 obscuritas

232 795 440 844 abunde
481 799 680 862 arguit3
732 807 838 846 tum
879 797 1074 854 etiam,
1126 814 1293 864 quae,
1331 813 1494 861 quum
1534 796 1642 861 pri-

229 891 373 922 mum
411 875 515 921 suis
561 877 677 934 ipse
730 878 915 941 pennis
972 880 1066 924 niti
1111 879 1302 935 vellet,
1349 875 1641 941 juvenilem

230 954 671 1010 redundantiam,
774 956 1120 1004 immodicum
1225 953 1642 1007 translationum

229 1049 404 1087 usum,
452 1034 864 1100 earumdemque
901 1027 1386 1085 diversissimarum
1428 1032 1645 1099 copula-

226 1115 453 1164 tionem,
537 1115 834 1162 orationem
911 1116 1363 1167 calamistratam,
1446 1111 1644 1166 verbo,

227 1191 464 1240 nondum
498 1191 659 1256 plane
697 1191 970 1241 subactum
1020 1205 1212 1259 poetae
1251 1194 1502 1257 judicium
1530 1207 1644 1238 ma-

228 1271 514 1324 nifestant;
566 1270 789 1334 plurima
850 1273 1075 1337 denique
1121 1275 1172 1321 in
1220 1289 1426 1320 summo
1478 1271 1645 1336 perle-

234 1351 419 1397 ctionis
449 1347 662 1415 fastigio
697 1351 993 1402 collocata,
1029 1354 1097 1400 ad
1122 1354 1267 1417 quod
1293 1362 1511 1418 poetam
1536 1339 1641 1398 non

230 1427 332 1477 nisi
362 1444 454 1492 per
490 1429 683 1494 gradus
710 1428 838 1477 eniti
872 1433 1108 1495 potuisse
1149 1431 1391 1496 adparet.
1462 1433 1642 1493 Atque

232 1510 356 1556 inde
404 1510 637 1557 maxime
680 1510 846 1558 divini
884 1516 993 1575 ejus
1034 1513 1231 1578 ingenii
1266 1508 1376 1559 vim
1426 1523 1643 1556 censen-

233 1588 361 1634 dam
407 1604 523 1634 esse
548 1589 747 1645 Judico,
797 1591 939 1655 quod
968 1607 1072 1640 non
1099 1593 1187 1639 uni
1219 1599 1308 1638 aut
1339 1589 1493 1636 alteri
1522 1603 1646 1652 poe-

231 1669 302 1715 sis
353 1667 558 1731 lyricae
603 1672 784 1737 generi
832 1669 1172 1725 adhaeserit,
1207 1673 1260 1719 in
1312 1684 1481 1732 eoque
1532 1665 1645 1715 solo

233 1746 590 1794 maturitatem
652 1750 939 1813 quamdam
979 1749 1206 1798 adsidua
1260 1749 1642 1798 exercitatione

233 1825 475 1879 duxerit,
524 1827 616 1875 sed
653 1827 763 1875 sere
813 1832 990 1877 omnia
1034 1829 1322 1878 delibando
1363 1842 1555 1891 parem
1591 1825 1642 1871 h.

234 1905 529 1955 maximam
565 1924 634 1953 ex
662 1905 726 1953 iis
758 1906 971 1955 laudem
1004 1908 1296 1958 abstulerit.
1334 1908 1444 1962 Ita,
1484 1920 1646 1969 quemv

234 2001 369 2033 nunc
422 1987 805 2032 Anacreontea
851 1983 1059 2054 ἀφελείᾳ
1097 1988 1165 2035 ad
1205 1989 1350 2036 lusus
1396 1993 1447 2032 et
1491 1990 1643 2050 jocos

236 2064 585 2113 descendere,
631 2074 721 2111 aut
762 2067 1062 2114 remissiore
1113 2065 1363 2133 Sapphus
1419 2065 1646 2112 lascivia

234 2143 501 2191 dulciores
541 2143 994 2205 adfectus‘fidibus
1032 2146 1398 2198 committere,
1437 2154 1527 2192 aut
1570 2143 1647 2190 Si·

234 2221 489 2269 monidea
542 2222 863 2284 aequalitate
910 2239 974 2271 ac
1027 2229 1287 2274 sermonis
1324 2227 1523 2290 proprii
1572 2226 1646 2288 ju-

239 2300 505 2348 cunditate
556 2301 816 2363 quadam,
853 2303 988 2352 lenis
1035 2320 1098 2353 ac
1141 2307 1260 2369 puri
1314 2304 1475 2352 fontis
1515 2301 1645 2356 ritu,

232 2380 518 2428 decurrere
567 2379 984 2435 animadvertas,
1022 2384 1265 2432 eumdem
1290 2401 1423 2433 nunc
1463 2391 1648 2433 sancta

236 2473 299 2506 ac
334 2462 485 2526 gravi
519 2462 760 2530 oration-e
800 2463 1037 2512 Deorum
1085 2473 1239 2529 atque
1276 2464 1495 2514 heroum
1537 2463 1648 2509 lau-

237 2537 331 2585 des
376 2538 653 2603 persequi,
694 2545 969 2591 sententiis
1019 2545 1238 2592 densum
1275 2555 1329 2593 et
1363 2543 1646 2610 grandem,

237 2620 338 2668 sibi
393 2636 611 2686 semper
657 2623 969 2676 instantem,
1017 2628 1386 2689 con‘citatoque
1434 2625 1648 2689 spiritu,

235 2702 486 2751 torrentis
523 2699 719 2760 instar,
758 2703 953 2754 effundi
978 2720 1041 2754 ac
1082 2704 1401 2755 debacchari
1426 2703 1650 2754 videas,
