1779 3085
145 339 322 390 Calpurn.
350 338 383 376 Ι.
409 341 470 387 44.
497 339 549 382 (in
581 339 704 375 Poett.
736 334 824 374 min.
858 339 907 375 ΙΙ.
947 352 982 388 p.
1027 340 1128 383 212.)
1152 357 1199 367 -
1235 342 1388 389 patiens
1424 344 1556 380 vocari

145 403 320 439 Caesaris
346 402 467 446 ultor,
493 415 640 450 graece,
668 415 735 452 pro
761 405 798 434 te
819 401 953 436 vocari
980 402 1151 437 Caesaris
1178 403 1344 439 ultorem
1360 405 1553 449 τλᾴςμὲπο.

140 464 253 514 μένων
291 468 483 500 καλεῖσθαι
525 466 668 508 τιμωρὸς
708 466 748 497 Κ.
781 463 954 511 patiens,
976 479 1049 501 non
1088 479 1277 508 recusam,
1316 467 1413 503 haud
1449 469 1555 505 dedi-

143 540 288 580 gnatus,
317 532 351 563 in
379 536 414 563 te
441 528 642 577 recipiens,
676 526 744 563 sed
775 528 870 563 illud
907 530 1115 576 augustiori
1136 531 1279 578 specie,
1307 537 1479 581 tanquam
1505 531 1554 568 de

137 595 235 632 Deo.
261 593 401 633 vocari,
421 589 524 634 dici,
558 590 728 643 adeoque
763 605 848 628 esse
891 590 1065 626 Caesaris
1094 591 1214 636 ultor,
1252 591 1421 641 adoptati
1463 593 1554 629 Cae-

140 659 232 694 saris
262 654 358 696 filii,
397 652 643 706 ejusdemque
683 652 778 689 adeo
819 652 978 688 vindicis
1005 665 1200 702 personam
1228 655 1431 703 suscipere.
1483 653 1554 690 Pro

145 730 218 769 quo
243 715 390 762 gravius
417 723 515 750 erat:
544 715 675 750 ulcisci
697 714 913 750 Caesarem.

233 788 266 813 v.
296 788 341 821 45
365 794 406 802 -
434 782 494 817 48.
522 776 731 829 Sequuntur
755 791 887 828 preces
915 779 962 812 ad
985 777 1211 824 Augustum,
1238 785 1412 830 tanquam
1433 779 1555 814 Deum

136 839 274 879 sactae.
332 840 463 876 Oratio
492 841 528 875 in
554 842 614 875 his
642 841 756 876 itaet
789 849 996 891 temperata
1032 850 1103 884 est,
1127 849 1166 875 ut
1199 843 1346 892 utrique
1385 849 1419 877 et
1456 842 1559 878 Mer—

134 906 238 950 curio
265 912 302 940 et
329 907 500 950 Augusto
530 904 740 941 conveniat.
792 904 914 950 Quum
928 902 975 939 ab
1005 907 1175 950 Augusto
1201 905 1341 952 optima
1370 916 1555 954 quaeque,

134 966 554 1017 praesentissimamque
587 964 818 1015 reipublicae
855 979 965 1016 opem
1002 965 1049 1001 ab
1083 980 1129 1002 co
1161 965 1324 1001 adlatum
1364 968 1409 1001 iri
1448 976 1552 1002 certo

137 1042 287 1081 sperare
322 1028 459 1069 liceat3
487 1028 580 1062 haec
607 1030 679 1063 etsi
715 1041 898 1065 summam
930 1038 1098 1066 votorum
1133 1043 1282 1082 suorum
1323 1026 1553 1076 efficientia,

135 1103 302 1142 quaeque
331 1090 580 1141 unusquisque
602 1101 645 1125 ex
669 1093 848 1126 orationis
870 1095 967 1128 serie
991 1092 1104 1128 facile
1137 1101 1408 1142 exspectasset,
1450 1105 1555 1141 egre·

134 1154 195 1200 gie
222 1160 348 1202 poeta,
369 1154 506 1203 quippe
535 1153 750 1187 certissima
772 1154 882 1202 plane
908 1156 1072 1197 omittit,
1097 1163 1132 1190 et
1159 1163 1312 1198 tantum,
1347 1163 1385 1190 ut
1418 1156 1547 1191 felici-

136 1223 192 1251 tas
216 1217 285 1250 ista
312 1223 535 1263 temporum,
560 1213 790 1264 reipublicae
817 1214 864 1251 ab
890 1231 933 1252 eo
957 1217 1151 1253 reddenda
1169 1243 1180 1260 ,
1208 1217 1318 1265 longa
1341 1229 1386 1253 ae
1419 1231 1550 1268 perpe·

138 1285 199 1313 tua
226 1280 287 1321 sit,
312 1285 501 1326 precatur.
534 1275 727 1313 Sententia
763 1278 892 1315 horum
930 1294 987 1314 vv.
1023 1279 1101 1316 sere
1140 1279 1285 1322 eadem,
1324 1279 1394 1315 sub
1434 1281 1556 1317 varias

138 1347 280 1376 tantum
313 1340 510 1386 imaginum
539 1341 684 1388 specics
711 1348 895 1375 revocata.
949 1341 1209 1376 Comrnoratur
1234 1342 1405 1375 nimirum
1432 1342 1468 1376 in
1484 1344 1557 1378 ista

138 1409 177 1435 ut
204 1399 326 1435 viwde
350 1398 580 1444 ostenderet,
605 1414 713 1451 quarn
742 1408 884 1445 gratum
909 1410 1178 1454 acceptumque
1214 1403 1393 1438 Romanis
1431 1406 1555 1451 Augu-

137 1463 186 1498 sti
210 1471 309 1497 esset
334 1463 548 1512 imperium,
577 1470 613 1498 et
638 1472 813 1513 quantum
846 1465 932 1514 spei
973 1467 1011 1500 in
1039 1479 1084 1501 eo
1122 1465 1353 1516 reipublicae
1387 1466 1558 1502 ordinan-

137 1522 224 1566 dae,
252 1532 287 1558 et
314 1535 335 1557 a
357 1523 553 1559 discordiis
577 1519 765 1568 civilibus,
799 1528 1038 1577 externisque
1077 1527 1246 1564 hostibus
1281 1528 1455 1566 tutandae
1482 1530 1559 1567 col-

135 1585 338 1622 locaretur.
395 1585 572 1621 Ceterum
609 1586 755 1623 colores
791 1599 835 1624 ex
857 1589 1035 1625 hocloco
1071 1592 1217 1640 petiere
1252 1590 1393 1629 Lucan.
1429 1596 1458 1627 1.
1497 1605 1557 1638 45.

135 1653 218 1702 sqq.
242 1657 277 1685 et
301 1647 397 1684 Stat.
439 1645 563 1685 Theb.
597 1649 628 1684 Ι.
659 1659 702 1685 ‘22
734 1667 781 1676 —
809 1659 869 1693 31.
922 1651 1017 1688 Cum
1048 1663 1175 1691 nostro
1207 1664 1372 1693 certasse
1406 1656 1555 1692 videtur

138 1711 279 1759 Virgil.
309 1710 380 1747 Ge.
405 1711 431 1748 l.
463 1713 611 1762 saepius
645 1711 807 1748 laudato.
859 1713 976 1749 Serus
1010 1729 1092 1753 sero
1126 1716 1166 1751 in
1200 1718 1352 1752 caelum
1390 1705 1551 1760 redeas,

136 1774 266 1818 abeas,
296 1774 440 1811 caelum
469 1783 593 1825 petas,
622 1775 689 1810 sed
712 1775 873 1812 alterum
900 1779 1092 1828 praeclare
1115 1788 1286 1831 tanquam
1314 1780 1359 1816 de
1379 1781 1473 1815 Deo.
1502 1780 1552 1816 cf.

139 1838 280 1873 Lucan.
303 1841 337 1873 1.
362 1838 424 1883 46.
452 1837 562 1873 Ovid.
590 1839 709 1875 Trist.
738 1838 783 1872 V.
808 1849 840 1874 9.
869 1851 926 1883 5¹·
955 1838 1017 1872 Sic
1044 1840 1194 1874 habites
1236 1847 1383 1882 terras,
1423 1840 1480 1873 sic
1519 1846 1555 1874 te

142 1898 333 1933 desideret
354 1900 510 1942 aether,
550 1898 604 1933 sic
637 1899 691 1933 od
715 1904 832 1944 pacta
868 1898 942 1933 tihi
963 1901 1090 1934 sidera
1128 1903 1265 1936 tardus
1294 1905 1388 1936 eas!
1424 1903 1560 1939 eadem

146 1964 353 1997 sententiae
389 1960 556 2006 ejusdem
591 1962 857 2009 exprimendae
893 1968 1077 2011 περιεργίᾳ.
1121 1983 1159 1989 -
1195 1966 1339 2013 diuque
1375 1966 1556 2010 intersis,

143 2023 388 2060 commoreris
412 2020 454 2053 in
477 2024 620 2068 populo
654 2023 822 2069 Quirini,
850 2025 1013 2068 Romuli,
1038 2025 1109 2061 hoc
1132 2030 1278 2063 nomine
1316 2030 1414 2064 inter
1451 2030 1554 2066 Deos

139 2087 265 2122 relati.
289 2098 349 2121 res
372 2094 471 2121 nota.
498 2084 655 2126 Laetus,
679 2091 815 2129 χαίρων,
848 2089 1045 2138 propitius,
1081 2095 1253 2141 tanquam
1293 2106 1428 2128 numen
1469 2107 1555 2144 pro·

143 2151 288 2197 pitium.
339 2147 462 2182 Etiam
486 2148 572 2187 hoc,
599 2154 770 2198 tanquam
796 2148 842 2183 de
878 2146 970 2186 Deo.
1026 2151 1089 2187 Sic
1121 2152 1253 2188 volens
1289 2155 1361 2189 111.
1393 2168 1454 2200 30.
1496 2158 1555 2195 16,

139 2211 202 2246 ubi
230 2225 266 2247 v.
294 2220 368 2246 not.
410 2210 503 2244 Stat.
541 2206 636 2246 Silv.
670 2209 698 2244 I.
743 2222 770 2244 ι.
811 2216 891 2251 105.
931 2213 981 2248 ita
1014 2213 1050 2248 h·
1087 2214 1112 2251 l.
1149 2217 1382 2266 exprimens:
1421 2218 1556 2252 Certus

142 2286 249 2308 ames
272 2279 411 2316 terras,
439 2278 488 2314 et,
517 2284 613 2319 quae
637 2272 707 2308 tihi
731 2274 876 2317 templa
904 2274 1099 2322 dicamus,
1131 2278 1212 2324 ipse
1245 2281 1379 2325 colas,
1413 2292 1482 2314 nec
1515 2285 1554 2313 te

141 2336 237 2371 caeli
254 2337 360 2380 juvet
387 2338 502 2370 aula.-
529 2341 689 2382 tuosque
712 2335 837 2369 laetus
859 2336 950 2370 huic
971 2337 1071 2374 dono
1095 2338 1228 2374 videas
1247 2340 1340 2374 dare
1375 2348 1465 2376 tura
1489 2353 1556 2376 ne·

135 2404 259 2444 potes.
283 2398 328 2434 de
365 2399 594 2434 Domitiano.
620 2415 666 2424 --
691 2395 794 2431 Neve
816 2396 862 2430 de
885 2397 1078 2445 iniquum,
1106 2402 1238 2437 iratum
1258 2400 1453 2447 offensum,
1481 2415 1554 2438 no-

141 2463 232 2495 stris
255 2460 376 2495 vitiis.
401 2474 432 2495 v.
459 2461 518 2510 ad.
547 2474 578 2495 v.
595 2473 651 2505 29.
680 2472 776 2494 aura
801 2461 929 2496 tollat.
954 2465 988 2498 in
1014 2463 1159 2500 caelum
1195 2466 1344 2507 evehat,
1371 2466 1552 2517 nobisque

142 2526 292 2574 eripiat>
319 2524 435 2565 ocior:
464 2524 583 2566 ocius,
605 2525 714 2559 citius
745 2525 910 2560 discessu
937 2536 1064 2575 parato
1086 2554 1097 2571 ‚
1131 2537 1283 2579 propter
1314 2531 1418 2572 vitia,
1455 2542 1553 2580 quae

139 2589 288 2622 numina
312 2593 540 2622 aversantur.
589 2584 824 2622 Mercurium
846 2587 999 2632 alatum,
1037 2592 1229 2642 ventisque
1255 2590 1349 2627 adeo
1388 2592 1425 2625 in
1469 2602 1555 2626 cae-

139 2649 215 2685 lum
243 2649 428 2685 sublatum
451 2650 562 2684 etiam
585 2647 646 2683 hie
680 2650 829 2700 respici,
868 2652 929 2685 vix
968 2659 1040 2694 est,
1073 2660 1110 2686 ut
1139 2665 1320 2688 moneam.
1371 2650 1550 2688 Ceterum

143 2710 333 2759 praeclare
358 2709 532 2748 Horatius
560 2708 643 2746 illas
681 2722 814 2750 aureae
837 2715 970 2751 aetatis
997 2716 1181 2759 notiones,
1209 2718 1242 2751 in
1271 2727 1342 2768 qua
1371 2714 1548 2750 Diiintex·
