1779 3085
141 355 200 399 bis
215 356 337 390 animo
361 353 543 391 delabitur
567 363 703 406 poeta,
738 356 866 408 hisque
903 360 1011 393 istum
1048 365 1186 393 onerat.
1248 358 1338 392 otta
1357 357 1463 404 igitur
1490 372 1522 392 ν.

139 427 174 461 9.
205 418 385 451 sententia
417 419 520 452 unice
551 415 598 451 ab
630 417 747 467 epith.
782 431 860 455 orn.
900 418 1043 454 Colcha.
1102 417 1268 454 Observa
1304 419 1525 469 exquisitum

142 475 242 512 verbi
279 478 454 514 dilectum
478 503 490 521 ‚
531 477 630 528 quod
665 480 812 530 utrique
849 481 941 514 mire
980 480 1161 515 convenit.
1222 480 1311 514 Nam
1349 488 1385 515 et
1422 477 1525 514 nefus

143 542 361 580 tractatur,
396 547 580 586 patratur,
620 548 656 574 et
676 552 840 581 venena,
867 553 961 591 quae
988 543 1211 585 miscentur,
1241 541 1349 576 dome
1375 544 1523 576 tractari

143 599 321 635 dicuntur.
362 599 444 636 vid.
488 599 528 633 V.
559 602 592 637 3.
627 605 659 640 8.
705 610 740 636 et
771 603 818 637 ad
850 603 877 635 Ι.
913 604 968 642 37.
1002 612 1059 642 27.
1093 619 1138 629 —·
1186 603 1252 646 qui
1285 607 1321 634 te
1356 602 1523 645 statuit,

141 663 284 710 posuit,
317 661 410 695 sevit
448 663 482 695 in
519 673 613 706 agro
647 670 745 696 med.
796 664 970 713 Repetita
1007 662 1100 698 adeo
1126 676 1207 698 cum
1235 665 1265 697 vi
1288 664 1448 712 priorum
1473 678 1525 698 vv.

136 723 318 758 sententia
341 748 352 764 ,
405 721 504 773 quod
537 725 658 759 animo
695 734 880 760 commoto
910 725 1017 775 plane
1052 727 1233 760 contenit.
1293 724 1390 759 Tum
1431 726 1526 760 ‹tesi-

136 792 266 832 gnatur
291 782 398 820 simul
423 783 550 826 locus,
588 786 625 821 in
650 799 721 837 quo
743 786 890 842 defossa
916 798 992 822 erat
1018 788 1046 822 is
1053 795 1086 822 ta
1110 786 1232 821 arbor
1285 786 1359 820 Alii
1385 789 1527 823 sonuit

139 854 349 895 exponunt·,
384 845 568 881 transtulit
604 847 637 880 in
670 859 794 893 agrum
831 861 972 890 meum,
1012 863 1055 883 eo
1077 848 1378 896 trinsplantaxit,
1423 851 1526 900 qnasi

136 905 203 939 ille
227 921 260 943 v.
279 913 312 947 5.
342 916 377 943 et
404 915 440 947 8·
460 907 624 942 diversus
651 909 698 942 sit
723 907 770 942 ab
795 908 863 942 illo
883 911 1008 958 priore
1033 924 1068 944 v.
1099 919 1128 943 1.
1155 909 1253 960 quod
1277 917 1438 944 statuere
1466 910 1527 944 ad-

135 967 282 1004 modum
305 972 466 1017 jejunum
488 968 596 1003 foret.
621 987 662 993 —
696 969 832 1010 triste,
859 970 906 1004 ob
925 972 1048 1005 tristes
1074 968 1224 1006 effectus
1240 997 1250 1012 ,
1289 970 1528 1012 damnosum,

136 1032 359 1074 exitiosurn;
386 1029 538 1074 lignum
563 1037 667 1063 vocat
687 1028 854 1064 arborem
872 1057 880 1071 ,
907 1043 971 1079 per
999 1040 1237 1066 contemtum.
1255 1051 1301 1059 —-
1326 1033 1526 1072 caducum,

136 1091 236 1142 quod
258 1104 425 1126 casurum
445 1118 456 1134 ‚
492 1103 750 1140 oppressurum
776 1104 856 1126 eras
876 1097 991 1134 caput
1010 1090 1179 1132 domini,
1208 1092 1395 1128 dominum
1411 1119 1419 1134 ,
1445 1107 1527 1141 pos·

137 1165 316 1188 sessorem
347 1153 451 1200 hujus
475 1154 574 1199 agri,
612 1166 692 1193 me,
726 1151 1017 1194 immerentem,
1053 1146 1261 1198 innoxium,
1296 1155 1430 1188 nuliius
1454 1153 1529 1189 cul-

134 1227 203 1264 pae
229 1215 440 1253 conscium;
478 1216 614 1264 quippe
635 1223 757 1249 vatem
790 1227 945 1249 sacrum.
997 1215 1094 1250 Mira
1115 1217 1209 1252 adeo
1233 1216 1383 1257 δεινότης
1407 1225 1463 1251 est
1491 1218 1526 1250 in

135 1274 285 1309 dominc*
307 1274 559 1310 immerentis.
594 1277 666 1311 ⁴De
694 1290 726 1310 v.
746 1277 932 1310 caducum
971 1289 1003 1309 v.
1027 1277 1072 1312 nd
1093 1277 1163 1313 III.
1189 1281 1222 1324 4
1244 1280 1302 1324 44.

231 1348 266 1374 v.
296 1348 351 1381 13.
375 1347 456 1383 sqq.
504 1338 595 1372 Dum
632 1338 812 1387 periculi,
843 1339 941 1389 qnod
979 1341 1165 1374 incautum
1194 1353 1274 1375 eum
1312 1352 1429 1389 paene
1465 1353 1527 1389 op-

136 1407 356 1448 presserat,
410 1401 632 1445 cogitatione
678 1409 810 1450 poetae
845 1403 988 1435 animus
1022 1401 1224 1437 intenditur
1249 1427 1260 1444 ,
1298 1402 1418 1437 tacrlis
1451 1410 1530 1438 erat

137 1459 184 1495 nd
205 1473 436 1496 communem
464 1460 510 1496 de
549 1466 689 1496 incerto
714 1464 888 1512 cujusque
922 1461 996 1496 fato
1031 1464 1249 1497 sententiam
1299 1465 1524 1513 progressio.

135 1520 333 1559 Praeclare
360 1534 451 1557 vero
472 1522 613 1556 orditur
638 1535 719 1557 eam
742 1531 850 1570 poeta
867 1548 878 1563 ,
911 1521 1010 1556 nulla
1025 1523 1175 1570 adjecta
1201 1526 1428 1560 transitionis
1457 1524 1529 1560 for-

135 1583 248 1618 mula.
299 1583 681 1629 Nunquam·ltomini
701 1583 797 1616 satis
820 1589 979 1617 cautum
998 1588 1075 1624 est,
1112 1583 1159 1619 ab
1186 1585 1332 1620 homine
1359 1587 1447 1620 satis
1471 1597 1527 1620 ca-

137 1645 214 1679 veri
236 1651 382 1693 potest,
423 1656 604 1693 nunquam
627 1645 792 1680 homines
817 1646 905 1679 satis
931 1651 1008 1679 tuto
1032 1644 1275 1693 praevident,
1313 1646 1406 1692 quid
1426 1648 1525 1694 quis·

70 1714 83 1723 ·
132 1717 204 1750 que
229 1704 344 1747 vitet,
373 1718 467 1755 quae
490 1705 560 1739 sibi
588 1704 735 1739 vitanda
757 1707 852 1746 sint,
881 1707 1012 1740 instent
1035 1705 1204 1754 pericula
1220 1731 1230 1748 ,
1254 1705 1296 1739 in
1323 1707 1460 1749 horas,
1489 1704 1522 1743 ἐς

132 1760 248 1810 ὥρας,
287 1767 415 1816 quovis
453 1766 629 1813 temporis
664 1773 853 1799 momento
892 1766 953 1807 (ν.
991 1765 1038 1799 ad
1074 1764 1104 1801 Ῑ.
1128 1770 1184 1805 32.
1205 1766 1293 1811 2·);
1333 1769 1520 1804 innumera

133 1833 239 1866 sunt,
275 1838 369 1875 quae
408 1827 506 1860 vitae
544 1825 733 1860 hominum
781 1827 954 1860 continuo
987 1827 1228 1869 insidiantur,
1274 1831 1463 1879 pericula,
1500 1845 1521 1867 a

88 1907 89 1912 =
131 1886 262 1936 quibus
297 1885 368 1921 sibi
404 1897 534 1919 cavere
580 1893 774 1934 nequeunt.
800 1903 847 1912 —
899 1894 955 1923 14.
995 1887 1155 1935 Egregie
1191 1892 1263 1938 jam
1302 1894 1523 1928 sententiam

134 1947 313 1996 exemplis
335 1959 511 1997 perquam
533 1945 711 1994 adpositis
737 1949 936 1982 communit
959 1955 1066 1998 atque
1093 1959 1244 1986 exornat
1274 1960 1398 2002 poeta.
1447 1953 1524 1988 Na-

131 2007 212 2042 vita
236 2008 409 2050 Poenus,
445 2015 626 2042 mercator
651 2006 871 2044 Phoenicius
891 2010 1173 2057 perhorrescit,
1202 2018 1385 2056 maxime,
1414 2018 1521 2053 unice

129 2072 235 2105 timet
267 2067 492 2114 Bosporum
515 2069 716 2104 Thracium
734 2096 744 2112 ‚
782 2069 915 2106 fretum
948 2078 1286 2120 aestuosissimum,
1324 2091 1390 2127 per
1417 2078 1515 2129 quod

132 2132 170 2165 in
200 2120 352 2165 Pontum
390 2130 569 2165 Euxinum
606 2133 799 2176 trajicitur.
859 2132 955 2168 Hinc
978 2132 1100 2179 Bosp,
1129 2139 1514 2182 gemensll.20·14-

133 2190 327 2226 insaniens
347 2189 419 2225 ΙΙΙ.
442 2192 476 2234 4.
499 2200 557 2234 30
607 2190 734 2238 Neque
760 2193 887 2236 ultra,
927 2193 1105 2241 ulterius,
1144 2199 1297 2241 trajecto
1320 2200 1514 2249 Bosporo,

132 2249 309 2293 aliunde,
341 2248 496 2285 ἄλλοθεν
521 2262 564 2286 ac
591 2252 663 2288 alio
700 2255 812 2288 maris
838 2262 977 2295 tractu3
1003 2257 1076 2291 nisi
1101 2259 1225 2306 potius
1250 2268 1321 2295 est'.
1351 2260 1419 2295 sub
1442 2261 1515 2297 alia

130 2315 256 2363 specie
277 2312 605 2358 occurrentiafizta
631 2325 762 2355 caeca,
788 2314 883 2350 unde
909 2317 1060 2352 minime
1082 2318 1256 2364 rebatur,
1292 2329 1448 2357 mortem
1470 2333 1514 2357 ex

133 2373 279 2410 occulto
302 2374 513 2409 venientem
540 2375 673 2418 timet,
708 2375 777 2411 sibi
807 2377 853 2412 ab
877 2378 950 2414 alio
975 2384 1101 2416 mortis
1123 2382 1290 2431 periculo
1311 2396 1354 2418 ac
1379 2395 1512 2429 genere

127 2449 203 2471 non
224 2436 367 2473 metuit.
411 2433 502 2468 Fata
524 2448 633 2471 caeca
653 2435 825 2472 disertius
838 2442 985 2487 exponit
1008 2441 1115 2492 Prop.
1141 2442 1191 2477 11.
1218 2456 1248 2479 ι.
1272 2445 1329 2489 76.
1365 2441 1512 2489 Quippe

135 2495 203 2530 uhi
222 2507 290 2529 nec
319 2503 474 2538 causas,
514 2506 580 2528 nec
603 2503 757 2542 apertos
775 2498 964 2534 cemimus
986 2501 1106 2544 ictus;
1138 2505 1238 2537 unde
1259 2509 1386 2537 tamen
1411 2503 1511 2537 veni·

130 2561 200 2590 ant
222 2560 285 2591 tot·
300 2555 424 2599 mala,
456 2566 568 2590 caeca
583 2557 644 2590 via
663 2563 776 2591 est—
805 2570 858 2601 17.
882 2561 1208 2601 MilesRomanus
1231 2567 1307 2611 (ex
1323 2579 1458 2614 oppos.
1475 2579 1507 2602 v·

129 2629 187 2667 ⁶q·
213 2616 363 2650 Italam
385 2614 524 2661 robur)
562 2620 815 2667 perhorrescit
847 2624 1003 2659 maxime
1028 2625 1226 2666 Parthum;
1262 2639 1327 2675 pro
1355 2627 1424 2660 hoo
1442 2628 1510 2674 sig-

129 2677 358 2721 nificantius,
389 2686 512 2714 notata
542 2681 649 2716 simul
686 2681 899 2720 Parthorum
931 2686 1114 2735 pugnandi
1156 2691 1316 2725 ratione:
1350 2698 1431 2735 sag.
1472 2697 1510 2726 ct
