1779 3085
682 244 1054 284 ..525..

171 353 266 388 mire
283 349 454 400 adjuvan
479 352 539 387 cni
563 352 709 400 insuper
735 350 807 385 vim
826 347 932 384 addit
954 350 994 383 τὸ
1009 359 1110 383 nunc
1135 354 1332 399 repetitum
1349 364 1387 390 et
1415 369 1447 390 ν.
1462 363 1557 401 erat,

171 418 217 454 ‹le
245 431 317 469 quo
339 417 475 452 statim.
527 411 723 449 Generalis
756 413 936 447 sententia
960 418 1058 447 erat:
1095 410 1265 449 hilariter
1298 415 1393 452 hunc
1425 417 1560 456 festum

169 491 318 526 agamus
347 477 470 513 diem!
498 473 567 510 Pro
595 473 666 508 hoc
691 473 840 516 statim,
868 471 999 524 quibus
1036 475 1193 510 animum
1229 475 1426 513 exhilarari
1460 482 1560 526 vult,

170 546 434 577 commemorat
459 538 598 576 vinum.
625 535 881 575 saltationem.
909 536 1059 586 epulas:
1080 536 1159 573 iere
1184 544 1223 573 ut
1248 537 1278 573 Ι.
1313 538 1370 582 36.
1404 552 1441 576 11
1477 557 1561 596 sqq.

170 603 320 639 Initium
345 600 493 636 fluxisse
521 597 665 634 videtur
688 609 732 633 ex
759 595 890 633 Alcaei
911 598 1044 634 similis
1066 601 1270 647 argumenti
1295 603 1473 645 carmine,
1502 618 1562 641 cu-

169 670 223 713 jus
246 666 382 715 primos
406 673 462 696 vv.
490 660 651 696 servavit
675 658 811 696 Athen.
830 659 876 694 X.
903 667 937 700 8.
962 656 1020 694 νῦν
1046 663 1124 708 χρή
1155 662 1362 708 μεθύσκειν,
1394 666 1453 699 καὶ
1479 678 1560 699 τινα,

168 722 242 773 ‘1³3⁶
276 726 359 764 βίαν
386 724 524 764 πίνειν,
560 717 688 761 ἕπειδῆ
710 716 862 754 κάτθανε
899 715 1093 767 Μύρσιλος.
1134 740 1172 748 -
1203 724 1398 770 pulsanda
1420 727 1558 771 tellus,

163 784 370 822 saltandum
386 810 397 827 ‚
425 779 700 833 tripudiandum
718 780 781 824 (ut
806 779 837 816 I.
862 792 894 824 4.
923 789 979 815 10.
1001 780 1102 819 adde
1128 788 1162 822 1.
1185 785 1245 829 36.
1284 796 1339 822 12.
1370 788 1483 825 Ovid.
1511 791 1558 828 A⁸

164 851 212 884 A.
238 859 270 882 ι.
299 856 379 883 112.
406 844 512 881 Fast.
535 845 600 879 VI.
625 845 730 889 330.)
769 843 865 891 pede
900 841 1046 886 libero,
1084 844 1224 888 libere.
1260 838 1398 893 effuse,
1420 860 1458 887 ut
1482 854 1563 890 ani-

164 923 263 946 mum
296 917 396 945 metu
428 907 626 944 liberatum
662 906 782 942 decet.
820 906 914 940 Nam
944 903 993 939 ad
1025 913 1140 942 totum
1166 911 1276 945 animi
1298 911 1465 953 habitum
1489 917 1561 955 hoe

161 975 281 1024 epith.
302 971 478 1022 pertinet.
504 969 674 1019 Propert.
700 967 764 1002 IV.
789 967 810 1002 6
835 968 893 1002 61.
913 969 946 1001 in
962 966 1091 1003 eadem
1120 981 1180 1006 re:
1201 975 1450 1022 prosequitur
1472 990 1561 1013 can-

162 1039 207 1068 tu
235 1033 391 1074 Triton,
418 1041 622 1077 omnesque
647 1029 823 1064 marinae
844 1029 1074 1071 plauserunt
1094 1032 1196 1067 circa
1221 1034 1339 1073 libera
1360 1040 1462 1088 signa
1477 1040 1562 1076 De-

161 1108 220 1140 ae,
245 1095 285 1130 h.
321 1094 486 1130 laetitiae
522 1095 626 1141 signa
660 1093 789 1143 plausu
825 1092 992 1128 edidere.
1042 1093 1207 1133 Pessime
1238 1097 1291 1134 ibi
1315 1101 1438 1153 intpp.
1491 1103 1558 1141 stc

163 1154 251 1191 ποῦς
277 1152 404 1194 indotos
431 1155 559 1205 Eurip.
587 1156 671 1192 Hel.
698 1161 779 1196 875.
803 1166 871 1201 pes
892 1153 1077 1191 inimicus
1101 1157 1210 1210 Prop.
1238 1160 1284 1195 ΙΙ.
1301 1163 1403 1206 6.38.
1430 1175 1558 1211 super-

159 1216 229 1254 bus
253 1217 387 1256 Senem
412 1218 518 1254 Med.
542 1224 625 1262 253.
650 1219 862 1263 injuriosus
890 1231 995 1267 supra
1022 1224 1079 1261 35.
1100 1231 1153 1265 ¹3·
1177 1228 1213 1255 et
1234 1225 1287 1258 sic
1312 1227 1463 1262 centies.
1483 1227 1557 1262 Min

158 1292 225 1316 nus
248 1279 442 1317 commode
466 1279 532 1315 alii
554 1280 589 1314 h.
615 1281 641 1315 l.
667 1283 977 1330 interpretantur:
997 1281 1094 1325 pede
1116 1281 1235 1317 libero
1250 1297 1270 1319 a
1290 1288 1557 1340 catenis,quae

156 1355 178 1377 a
203 1341 403 1393 Cleopatra
431 1341 619 1378 timendae
647 1348 777 1383 erant,
803 1355 835 1377 s.
857 1350 1073 1391 recuperata
1098 1342 1285 1381 libertate.
1320 1364 1367 1373 —
1393 1357 1428 1384 2.
1461 1364 1556 1386 num:

154 1403 287 1453 epulae
312 1403 537 1454 adparentnr
564 1402 785 1454 splendidae
805 1414 851 1438 ac
875 1402 1090 1449 magnificae
1126 1418 1194 1455 pro
1215 1406 1292 1443 diei
1322 1407 1558 1449 solennitate.

153 1465 274 1501 Docte
301 1472 338 1501 et
360 1474 514 1512 augusta
538 1466 666 1516 specie
692 1464 765 1500 hoc
789 1472 901 1513 poeta
915 1464 1063 1508 extulit,
1091 1469 1268 1503 orationis
1294 1469 1421 1507 colore
1444 1486 1560 1525 asup-

154 1525 399 1575 plicationum
425 1530 661 1564 caerimoniis
684 1526 863 1562 desumto.
879 1526 1041 1562 Decreta
1065 1529 1162 1564 enirn
1182 1529 1228 1565 ad
1250 1532 1457 1581 pulvinaria
1481 1536 1558 1573 De·

153 1601 256 1624 orum
297 1589 358 1626 vel
393 1589 441 1625 ob
468 1603 526 1627 res
553 1590 716 1627 feliciter
740 1596 865 1635 gestas
891 1587 950 1624 vel
976 1588 1023 1624 ad
1044 1589 1208 1640 ipsorum
1249 1593 1340 1629 iram
1374 1596 1555 1646 prodigiis

147 1657 210 1685 aut
236 1650 446 1689 calamitate
472 1650 624 1704 publica
644 1651 917 1688 manifestatam
942 1651 1162 1702 placandam
1185 1655 1457 1706 supplicatione
1482 1661 1555 1698 De·

148 1725 253 1748 orum
288 1720 433 1751 statuae
464 1717 498 1751 in
533 1714 643 1751 lectis
680 1717 782 1751 circa
816 1726 898 1750 aras
924 1712 1129 1757 collocari,
1157 1716 1275 1768 iisque
1300 1721 1553 1770 amplissimae

145 1773 261 1824 dapes
287 1776 424 1826 adponi
447 1775 630 1813 solebant.
677 1775 752 1812 Ubi
775 1777 884 1822 igitur
906 1775 954 1810 ad
974 1777 1110 1822 gratias
1136 1777 1220 1812 Diis
1245 1782 1411 1825 agendas
1438 1798 1480 1820 ea
1493 1785 1555 1821 fie-

150 1845 230 1878 ret,
255 1838 400 1885 privata
425 1851 506 1873 cum
533 1837 683 1888 publica
712 1834 879 1872 certabat
906 1835 1076 1878 laetitia,
1098 1837 1204 1873 sestis
1238 1840 1359 1884 epulis
1392 1841 1553 1897 aliisque

151 1897 316 1948 prodita.
366 1898 448 1933 Cic.
482 1900 519 1933 in
552 1897 662 1934 Catil.
698 1896 769 1932 111.
811 1906 864 1932 10.
889 1897 1072 1944 quoniam
1104 1898 1158 1931 ad
1180 1901 1312 1935 omnia
1329 1904 1554 1950 pulvinaria

152 1959 387 2006 supplicatio
426 1959 577 1994 decreta
614 1964 697 2003 est,
732 1957 962 1994 celebratote
998 1960 1087 1993 illos
1106 1958 1189 1994 dies
1215 1973 1302 1996 cum
1328 1968 1556 2014 conjugibus

150 2027 189 2056 et
215 2021 346 2056 liberis
368 2022 530 2058 vestrim
554 2021 727 2057 laudante
751 2025 824 2068 jam
845 2021 979 2058 Lamb.
1005 2020 1149 2056 Eodem
1170 2026 1349 2075 orationis
1375 2029 1552 2079 splendo-

147 2096 187 2119 re
212 2096 257 2119 ac
280 2084 460 2132 dignitate
492 2083 665 2120 solennes
698 2083 825 2134 epulas
851 2083 1002 2119 devicta
1036 2081 1238 2134 Cleopatra
1273 2087 1403 2126 indicit
1437 2090 1552 2140 Prop.

143 2146 212 2182 lv.
239 2147 273 2182 6.
295 2157 310 2182 1
341 2159 420 2198 sqq.
446 2146 521 2181 Alii
545 2147 697 2196 proprie
722 2146 760 2183 h.
781 2144 807 2179 l.
836 2146 1038 2196 accipiunt,
1065 2159 1263 2200 veramque
1287 2163 1307 2186 a
1333 2160 1445 2202 poeta
1468 2167 1551 2205 sup.

144 2209 388 2260 plicationem
415 2208 514 2244 edici
543 2209 771 2245 existimant·
821 2205 897 2244 Sed
923 2210 1015 2244 haec
1037 2221 1165 2259 parum
1207 2213 1403 2251 commode
1434 2217 1547 2254 inter-

146 2276 247 2322 jecta
275 2280 374 2307 esset
398 2271 480 2307 aliis
496 2298 506 2314 ,
528 2284 621 2324 quae
648 2269 695 2307 ad
714 2272 896 2320 privatam
921 2271 1101 2308 laetitiam
1133 2283 1325 2323 spectant3
1360 2285 1435 2313 tum
1471 2292 1550 2314 car-

147 2348 231 2370 men
260 2342 313 2370 est
337 2332 383 2368 ad
407 2332 582 2370 sodales.
609 2348 679 2369 non
704 2332 752 2368 ad
771 2332 945 2383 populum
965 2333 1076 2369 Rom.
1101 2344 1138 2370 ut
1166 2335 1236 2375 111.
1265 2350 1320 2377 u.
1346 2338 1408 2375 ubi
1430 2341 1547 2378 multo

146 2398 353 2443 graviorem
380 2397 518 2444 ingenii
551 2397 732 2432 incessum
762 2397 799 2431 in
826 2395 958 2431 eadem
983 2409 1021 2432 re
1052 2398 1243 2436 suadenda
1267 2401 1543 2452 deprehendas.

143 2474 191 2485 --
215 2456 384 2491 Saliares
414 2457 529 2501 dapes
546 2484 556 2502 ‚
583 2457 712 2508 epulae
734 2457 910 2507 opiparae
937 2465 974 2493 et
998 2462 1227 2508 magnificae.
1269 2464 1367 2500 Hinc
1392 2465 1545 2512 epulari

142 2518 336 2554 Saliarem
357 2519 398 2552 in
424 2518 583 2553 modum
604 2517 891 2570 proverbialiter
916 2518 995 2555 Cic.
1022 2520 1101 2558 An.
1120 2529 1154 2564 5.
1181 2533 1215 2569 9.
1241 2540 1272 2560 v.
1295 2525 1471 2562 Torrent.
1496 2544 1544 2553 ——

141 2593 282 2616 ornare
298 2581 481 2628 pulvinar
500 2580 588 2621 dap.
614 2582 795 2618 instruere
810 2609 821 2625 ,
847 2581 1036 2632 adponere
1063 2585 1177 2635 dapes
1201 2587 1303 2637 pulv.
1330 2592 1542 2629 -tempus

142 2648 251 2687 erat,
278 2651 363 2687 est,
396 2643 463 2679 sed
497 2642 653 2679 alterum
689 2643 877 2690 eleganter
905 2647 1066 2683 animum
1093 2647 1258 2685 laetitiae
1286 2649 1539 2686 testificandae

143 2703 199 2744 vel
230 2706 421 2741 minimam
451 2715 593 2740 moram
623 2705 872 2754 impatientius
908 2706 1093 2747 ferentem
1133 2711 1310 2762 depingit,
1340 2710 1535 2761 Aristoph,
