1779 3085
708 191 762 199 --
853 180 928 224 591
1023 191 1078 198 ...-

192 281 351 328 ingens,
393 279 559 334 adeoque
589 280 729 317 diffusis
760 285 892 326 rumis,
929 282 1075 332 patula,
1113 294 1239 332 opaca·
1290 285 1447 336 Populus
1474 285 1584 327 alla,

193 342 240 378 ob
278 343 368 378 solia
404 344 555 378 interius
591 342 772 383 candida;
819 342 868 378 cf.
907 341 1010 390 Virg.
1043 343 1125 379 Ecl.
1158 345 1218 381 ΙΧ.
1250 345 1308 390 41.
1350 350 1440 382 Aen.
1476 346 1582 381 vm.

188 406 273 448 276.
331 404 476 439 Umbra
523 405 728 451 hospitalis
759 418 852 456 quae
883 413 986 452 grato
1009 420 1072 441 suo
1104 405 1296 452 refrigerio
1329 421 1392 443 nos
1429 410 1583 449 invitat,

191 468 228 500 in
264 481 335 517 qua
379 466 546 503 lubenter
589 468 876 517 requiescimus,
927 480 1216 509 commoramur,
1259 470 1350 502 mira
1388 471 1582 505 suavitate.

190 528 299 563 Ovid.
345 528 440 563 Met.
475 528 518 562 X.
555 533 634 569 555.
658 540 736 562 ecce
757 534 973 574 opportuna
1004 540 1073 564 sua
1102 528 1291 564 blanditur
1309 530 1476 574 populus
1500 543 1584 564 um-

187 589 277 629 bra,
312 590 452 635 datque
485 595 613 624 torum
649 601 786 636 cespes·
820 591 1037 633 blanditur,
1086 591 1122 625 h·
1155 589 1289 625 blande
1327 592 1468 626 invitat.
1528 592 1583 626 Ita

187 659 222 685 et
256 652 290 684 in
311 649 463 686 Tibullo
507 649 558 685 ΙΙ.
582 660 616 692 5.
642 659 698 689 42.
746 655 830 685 tum
852 659 961 686 vocat
991 657 1162 687 errantes
1186 651 1341 696 hospita
1369 657 1472 685 terra
1493 653 1582 687 dens

185 714 303 759 magis
323 714 510 763 poeticum
530 714 624 756 erit,
658 714 689 748 si
711 720 843 748 terram
866 713 1065 758 hospitam
1093 713 1258 764 explices
1274 739 1286 756 ,
1324 726 1416 764 quae
1441 723 1582 760 gratam

185 773 312 809 sedem
337 773 513 817 ostendit,
533 773 697 825 praebet.
733 775 885 808 Amant
905 774 1138 819 consociare,
1170 788 1251 814 cum
1280 777 1330 818 vi,
1354 783 1456 811 arcte
1480 788 1518 811 se
1534 777 1585 811 in-

182 837 299 872 vicem
335 836 627 886 amplectuntur,
665 834 858 872 ambitiose
891 850 930 873 se
963 839 1240 883 constringunt,
1290 839 1487 874 amantium
1529 840 1583 873 in-

177 904 266 932 star.
319 898 401 943 Quo
428 911 539 933 sensu
563 897 695 931 ederas
707 897 870 930 lascivas
895 893 991 932 dixit
1014 897 1044 932 1.
1059 903 1116 940 36.
1140 909 1232 933 extr.
1254 897 1408 934 Lucian.
1432 899 1580 934 Amorr.

180 958 216 1001 §.
241 968 294 993 12.
332 959 405 1003 (Τ.
442 958 488 992 ll.
514 972 550 1007 p.
578 959 687 1000 410.)
718 963 828 991 παντί
849 971 889 1000 γε
919 957 986 1000 μὴν
1015 956 1151 1007 δένδρῳ
1178 959 1433 1006 περιπλέγδην
1467 958 1481 992 ἑ
1509 970 1534 1006 φ
1552 967 1581 994 ι’-

179 1022 230 1053 λε
247 1031 326 1064 ρως
361 1020 558 1065 κροσείριυε
581 1019 705 1055 κιττός.
765 1018 824 1054 De
849 1019 922 1054 hoc
949 1033 1013 1055 usu
1040 1034 1072 1056 v.
1098 1032 1231 1054 amare
1261 1019 1340 1056 fuse
1369 1023 1508 1068 egimus
1531 1022 1579 1056 ad

175 1080 207 1115 I.
229 1092 286 1122 25.
310 1094 342 1122 4.
369 1080 538 1116 Lambin.
565 1094 645 1115 cum
667 1081 749 1116 aliis
765 1079 984 1132 quibusdam
1005 1087 1141 1116 amant
1163 1096 1231 1132 pro
1258 1083 1399 1125 solent,
1431 1087 1579 1128 φιλουσι

179 1142 318 1177 dictum
354 1142 453 1184 vult,
491 1143 611 1177 invitis
645 1143 797 1177 Gratiis.
837 1162 881 1169 —
908 1148 945 1176 et
979 1155 1049 1194 qua
1083 1142 1243 1188 {ymplza
1279 1141 1431 1190 obliquo
1472 1143 1580 1184 rico,

179 1201 359 1251 lympha,
392 1216 485 1254 aqua
517 1205 613 1244 rivi,
653 1205 750 1237 rivus
783 1201 935 1252 obliquo
960 1217 1065 1239 cursu
1094 1203 1279 1248 defertur,
1317 1218 1461 1241 cursum
1487 1205 1582 1240 obli-

175 1274 285 1315 quat,
325 1278 395 1317 qua
420 1267 518 1301 rivus
556 1265 712 1301 inflectit
734 1279 795 1305 se,
831 1267 1007 1301 sinuatur.
1054 1265 1155 1301 Nihil
1178 1266 1349 1316 amplius.
1399 1267 1447 1303 At
1471 1280 1579 1319 quam

176 1326 354 1376 graphice
401 1328 493 1362 haec
529 1328 721 1376 expressa!
768 1326 957 1375 Rapidum
996 1339 1141 1362 cursum
1180 1329 1248 1363 rivi
1285 1327 1477 1375 designant
1501 1332 1578 1378 fu-

135 1399 138 1403 ’
165 1399 253 1433 gax
274 1397 309 1423 et
323 1387 539 1434 trepidare3
564 1390 670 1433 (nota
683 1389 859 1441 loquendi
887 1392 1042 1432 ratione)
1068 1389 1275 1425 retardatur
1305 1393 1334 1426 is
1374 1385 1483 1442 ‹sttrue
1507 1394 1574 1427 im·

171 1449 342 1499 peditur,
379 1449 540 1501 obliquis
574 1449 750 1492 flexibu33
796 1450 883 1486 hinc
904 1449 1056 1484 laborat
1082 1450 1299 1496 trepidare,
1335 1465 1454 1487 morus
1481 1455 1572 1489 istas

171 1510 322 1546 redimit
365 1513 536 1548 citatiore
582 1525 699 1548 cursu.
769 1512 873 1548 Bene
919 1511 1070 1563 quidem
1119 1514 1213 1548 haee
1259 1514 1428 1558 procedit
1478 1515 1571 1550 ratio

167 1573 282 1609 multo
304 1581 425 1609 tamen
450 1575 665 1625 exquisitior
689 1581 744 1611 est
765 1573 859 1611 haec
874 1574 1014 1619 altera,
1044 1586 1113 1620 qua
1136 1574 1246 1610 labor
1264 1588 1328 1611 seu
1350 1576 1565 1626 impeditior

169 1647 324 1678 cursus,
361 1637 439 1671 rivo
480 1635 677 1678 tribuitur,
716 1644 895 1687 quatenus
932 1648 997 1685 per
1036 1637 1221 1672 anfractus
1260 1637 1457 1685 procedit;
1499 1638 1567 1673 lios

166 1698 267 1734 enim
297 1697 395 1733 fraus
432 1700 579 1748 optica,
615 1711 685 1750 qua
722 1699 874 1746 egregie
907 1698 1044 1748 imponi
1081 1696 1151 1732 sibi
1190 1705 1323 1746 poetae
1360 1701 1569 1747 patiuntur,

163 1759 278 1795 multo
315 1762 541 1806 angustiores
574 1759 676 1796 facit.
702 1778 749 1789 -
784 1770 839 1801 13.
871 1759 944 1794 Hic
976 1760 1252 1807 compotatione
1287 1771 1352 1792 nos
1378 1759 1570 1795 exhilare-

164 1832 255 1852 mus.
304 1819 417 1861 Huc,
462 1821 497 1854 in
532 1820 630 1854 hunc
666 1829 860 1853 amoenum
901 1829 1085 1853 recessum
1121 1817 1205 1864 jube
1237 1816 1377 1854 adferri
1418 1821 1564 1862 vinum,

164 1887 375 1925 unguenta,
416 1887 452 1914 et
475 1877 603 1926 flores
637 1889 768 1918 rosae,
806 1891 996 1920 rosarum,
1032 1877 1162 1923 ἄνθος,
1204 1875 1313 1913 ἄωτον
1348 1878 1475 1926 ῥόδων,
1513 1893 1567 1915 ro·

163 1952 249 1982 sas,
294 1938 424 1992 quibus
457 1953 688 1977 coronemur.
724 1939 771 1974 cf.
802 1939 831 1974 I.
868 1940 925 1979 36.
963 1948 1016 1981 15.
1054 1940 1122 1976 111.
1161 1946 1217 1983 ‘²9-
1250 1950 1282 1983 3.
1309 1957 1356 1967 -
1396 1940 1564 1976 nimium

161 1999 306 2043 brevis,
346 2003 456 2037 nimis
487 2003 562 2037 cito
607 1999 915 2045 deflorescentis,
958 2009 993 2035 ut
1033 1999 1140 2034 breve
1174 1999 1299 2033 lilium
1338 2001 1366 2035 Ι.
1413 2003 1471 2039 36,
1510 2006 1567 2038 16.

161 2062 332 2111 Suaviter
355 2064 418 2100 hic
441 2072 477 2100 et
499 2076 581 2099 cum
595 2064 630 2098 vi
653 2062 839 2111 adjectum
855 2089 863 2105 ,
893 2064 994 2114 quasi
1022 2077 1065 2098 eo
1091 2063 1374 2105 admoneamur,
1402 2078 1445 2099 ne
1470 2072 1569 2100 aetn-

161 2127 208 2160 tis
240 2125 416 2173 juvenilis
455 2134 625 2175 tempus,
661 2123 760 2174 quod
791 2136 906 2174 aeque
940 2125 1014 2158 cito
1038 2132 1188 2172 pereat,
1225 2137 1244 2159 e
1268 2122 1436 2160 manibus
1467 2124 1565 2161 elabi

158 2188 331 2221 sinamus.
364 2204 413 2214 —
447 2193 501 2228 ¹5·
551 2185 660 2219 Dum
696 2195 755 2217 res
797 2186 959 2233 patitur,
1009 2183 1107 2224 fert.
1163 2184 1248 2219 dum
1284 2184 1379 2220 nihil
1414 2185 1556 2228 obstat,

157 2250 354 2300 quominus
376 2249 433 2284 his
458 2247 603 2283 deliciis
630 2246 786 2287 fruaris,
823 2244 992 2296 adeoque
1019 2245 1110 2278 dum
1133 2245 1224 2280 licet
1251 2246 1377 2290 (utH.
1402 2258 1453 2282 ιι.
1484 2250 1555 2290 16.)

154 2309 250 2343 dum
286 2309 393 2344 decet
424 2310 495 2353 (V.
526 2321 580 2353 ¹3·
608 2309 672 2352 5.)
706 2305 941 2343 Declarative
969 2306 1060 2342 adeo
1089 2307 1309 2355 subjicitur,
1336 2308 1421 2344 duni
1448 2314 1554 2345 aetas

149 2372 328 2418 patitur,
361 2369 447 2404 dum
484 2383 550 2419 per
573 2374 731 2403 aetatem
763 2366 893 2409 decet,
932 2365 1026 2399 dum
1053 2362 1215 2401 canities
1241 2366 1349 2403 abest
1381 2373 1412 2405 1.
1437 2384 1469 2415 9.
1497 2383 1551 2411 17.

155 2432 315 2484 dumque
342 2429 574 2475 omninofila
608 2426 732 2463 trium
755 2438 956 2468 sororum,
991 2425 1187 2463 Parcarum
1208 2431 1420 2478 patiuntur,
1456 2432 1547 2465 dum

148 2498 320 2540 superest
345 2491 528 2534 Lachesi,
551 2490 655 2537 quod
678 2494 855 2532 torqueat
873 2488 1056 2534 (Juvenal.
1077 2489 1144 2526 111.
1167 2493 1246 2535 27.)
1271 2491 1356 2527 dum
1375 2506 1441 2543 per
1466 2492 1543 2528 sata

151 2555 255 2591 licet.
280 2555 514 2602 Poetaigitur
534 2554 752 2589 sententiam
772 2554 942 2589 universe
965 2554 1132 2603 positam?
1146 2551 1309 2589 declarat
1337 2557 1462 2589 statim
1482 2569 1548 2604 per

150 2617 337 2669 speciales
359 2616 460 2654 ideas
475 2642 485 2660 ,
513 2623 600 2651 noto
625 2626 739 2650 more·
758 2613 868 2662 Cujus
883 2621 1004 2651 tamen
1027 2611 1139 2664 plane
1164 2615 1400 2653 immemores
1426 2617 1540 2671 intpp.
