1779 3085
657 255 713 264 ..-
801 233 885 288 679
973 254 1029 262 ..-

496 349 1050 397 ARGUMENTUM.
1085 349 1198 397 XV.

649 492 1042 522 mmmm

151 639 454 711 Invehitur
488 664 586 708 hoc
625 666 868 709 carmine
896 664 1160 709 Horatius
1189 663 1245 709 in
1276 660 1545 723 profusis-

147 735 334 778 simam
362 733 707 791 privatorum
734 730 1008 773 hominum
1030 761 1044 785 ,
1070 722 1349 794 aedificiis
1373 732 1549 788 splen.

147 798 314 847 dtdis,
376 796 734 856 villarumque
787 796 1002 840 insanis
1059 797 1386 848 structuris,
1434 803 1548 842 tum

145 865 356 922 hortis,
391 864 623 920 piscinis
659 877 724 906 ac
761 862 1020 914 vivariis,
1057 864 1228 908 solius
1255 865 1551 907 amoenita-

144 929 217 973 tis
243 936 295 976 et
333 929 636 986 voluptatis
677 928 870 987 gratia
910 928 1195 973 immensos
1222 934 1426 973 sumtus
1459 929 1549 972 im-

143 995 492 1053 pendentium
522 994 834 1042 luxuriam,
870 991 1169 1053 laudatque
1204 1010 1228 1042 e
1264 995 1548 1039 contrario

143 1061 382 1118 priscam
425 1067 668 1104 veterum
710 1059 1074 1104 Romanorum
1106 1057 1550 1121 frugalitatem,

146 1141 494 1185 severamque
519 1126 944 1177 continentiam,
982 1127 1073 1183 qui
1107 1128 1331 1173 modicis
1358 1128 1553 1183 priva--

149 1192 220 1235 tis
256 1193 446 1249 opibus
470 1191 715 1234 contenti
738 1192 919 1235 omnia
941 1206 1039 1237 sua
1063 1193 1120 1236 in
1140 1191 1418 1251 publicam
1443 1194 1547 1235 uti-

144 1259 361 1302 litatem
388 1273 452 1302 ac
481 1257 809 1316 dignitatem
836 1258 1187 1303 contulerint.
1221 1257 1417 1302 Totum
1446 1259 1552 1318 igi-

146 1329 238 1368 tur
277 1338 497 1367 carmen
538 1322 745 1366 duabus
789 1325 947 1382 quasi
986 1325 1192 1369 tabulis
1243 1324 1550 1369 contrariis

137 1388 318 1447 juxta
362 1403 414 1433 se
456 1389 652 1447 positis
693 1393 938 1443 constat,
974 1405 1205 1449 quarum
1238 1405 1349 1435 una
1389 1390 1548 1433 luxu-

146 1456 288 1499 riam
323 1453 444 1516 ejus
472 1456 677 1500 aetatis
696 1482 709 1501 ‚
744 1455 928 1499 altera
960 1457 1200 1512 priscam
1224 1457 1550 1514 simplicita-

143 1527 252 1564 tem
280 1521 556 1578 exprimit,
583 1537 809 1579 quarum
835 1519 1044 1566 colores
1067 1527 1229 1565 tanta
1254 1528 1377 1567 arte
1403 1523 1551 1566 inter

144 1602 201 1630 se
232 1594 611 1644 opponuntur,
639 1595 697 1632 ut
726 1587 991 1632 continua
1019 1587 1298 1632 antitheta
1325 1592 1548 1640 exeant,

147 1667 283 1712 quae
318 1668 424 1695 non
460 1655 673 1711 possint
711 1670 823 1698 non
856 1667 1065 1698 summa
1091 1654 1328 1713 enargia
1366 1655 1551 1717 legen-

150 1721 222 1765 tis
249 1720 488 1764 animum
517 1719 826 1779 percellere.

466 1876 1192 1923 Adnotationes.

239 2027 270 2049 υ.
300 2024 332 2050 1.
358 2025 462 2060 seqq.
493 2013 606 2049 Initio
640 2016 764 2048 statim
799 2013 972 2048 carminis
1002 2011 1160 2061 erumpit
1194 2009 1386 2046 liberrima
1409 2017 1547 2061 poetae

144 2076 353 2123 indignatio
383 2087 448 2124 per
479 2075 680 2110 sententias
709 2073 870 2115 breves,
897 2073 1070 2123 nulloque
1099 2084 1190 2108 nexu
1212 2072 1398 2123 adpositas
1422 2073 1546 2122 prodi-

148 2146 199 2175 ta.
235 2136 331 2172 Satis
357 2134 469 2170 habet
490 2136 654 2170 luxuriae
673 2136 782 2169 istius
809 2136 984 2183 temporis
1006 2133 1248 2169 adnumerare
1270 2148 1420 2182 genera.
1445 2134 1570 2177 'rums

148 2199 441 2236 stomachantem
465 2206 611 2248 poetam
635 2197 789 2233 mirifice
814 2196 951 2232 decent
973 2209 1055 2231 cum
1076 2205 1183 2232 aucta
1206 2198 1241 2232 in
1266 2197 1384 2241 majus
1406 2199 1545 2241 omnia,

150 2270 226 2298 tum
259 2260 362 2312 quod
393 2268 531 2309 pestem
559 2259 660 2296 illam
684 2260 795 2295 tatius
827 2266 1094 2306 grassaturam,
1122 2261 1306 2311 totiusque
1336 2259 1467 2295 Italiae
1491 2258 1546 2294 fa-

146 2326 245 2360 ciem
269 2325 322 2359 sic
348 2322 658 2359 luctuosissimam
686 2321 766 2358 fore
778 2330 881 2358 certo
896 2330 1102 2369 auguratur.
1127 2321 1226 2364 Jam,
1241 2321 1467 2372 procedente
1488 2323 1545 2357 εἷο

149 2386 292 2422 luxuria
326 2384 405 2420 steri
440 2398 512 2421 non
545 2391 693 2433 potest,
728 2385 814 2436 quin
841 2382 944 2419 brevi
975 2384 1051 2429 agri
1085 2385 1242 2420 arationi
1274 2384 1436 2420 defuturi
1471 2385 1544 2418 sint

147 2455 299 2498 propter
334 2448 530 2483 immanem
570 2447 759 2484 hominum
796 2449 832 2482 in
863 2446 1041 2484 aedificiis
1076 2445 1307 2482 exstruendis
1345 2447 1538 2482 insaniam.

151 2511 223 2546 Pro
254 2512 324 2546 hoe
357 2509 469 2546 docta
503 2509 683 2547 brevitate
720 2518 857 2557 poeta:
885 2508 1015 2556 regiae
1053 2508 1191 2551 moles,
1221 2507 1390 2543 aedificia
1424 2507 1542 2555 regali

151 2572 240 2608 luxu
266 2571 423 2615 educta,
460 2579 663 2615 sumtuosa,
702 2571 900 2624 splendida
932 2574 988 2615 (ut
1021 2582 1157 2615 regum
1181 2575 1306 2605 turres
1329 2572 1358 2608 Ι.
1395 2572 1430 2616 4.
1470 2571 1547 2616 14.)

145 2640 272 2674 pauca
293 2628 492 2666 admodum
507 2629 643 2674 jugera
667 2635 824 2677 aratro,
851 2634 1028 2677 arationi,
1049 2632 1265 2678 relinquent
1282 2658 1293 2675 ,
1315 2645 1442 2669 onmes
1464 2632 1548 2669 fere

148 2691 281 2730 Italiae
312 2704 418 2740 agros
449 2691 686 2743 occupabunt
715 2692 958 2744 amplitudine
990 2707 1067 2732 sua.
1104 2692 1237 2730 Moles
1268 2693 1347 2731 fere
1381 2693 1429 2730 de
1464 2693 1548 2730 sub-
