1790 3117
849 736 967 783 DE

313 862 764 939 HORATIJ.
807 849 1517 931 EDITIONIBUS.

683 1032 914 1056 mmm
920 1029 1154 1054 mmm

226 1134 441 1239 Quum
478 1179 859 1242 praestantiores
887 1179 993 1223 fere
1026 1178 1292 1238 scriptores
1324 1167 1611 1232 veteres,ad

226 1264 346 1309 quos
378 1245 697 1292 illustrandos
726 1244 1156 1305 emendandosque
1187 1240 1294 1284 Viri
1323 1241 1455 1286 docti
1495 1230 1609 1286 in‘d'e

228 1314 287 1358 ab
324 1314 522 1358 inventa
554 1319 655 1356 arte
690 1309 1042 1370 typographica
1074 1307 1299 1354 certatim
1335 1307 1494 1353 studia
1526 1324 1613 1353 sua

229 1378 496 1431 contulere,
528 1375 728 1437 singulis
757 1374 1123 1434 propemodum
1143 1372 1279 1417 annis
1305 1373 1450 1434 plura
1474 1390 1612 1434 prae-

227 1444 275 1489 la
306 1441 643 1495 exercuerint,
679 1439 786 1483 fieri
810 1439 886 1482 vix
925 1455 1067 1500 posse
1106 1437 1360 1493 existimo,
1400 1445 1454 1482 ut
1482 1438 1613 1483 lecti-

231 1509 335 1553 onis
368 1524 453 1552 seu
498 1514 681 1559 teum,
719 1521 865 1566 quem
894 1511 1099 1559 vocant,
1136 1503 1349 1565 origines
1376 1520 1429 1547 ac
1454 1503 1613 1548 sontes

230 1575 375 1636 plane
405 1572 731 1633 indagentur,
765 1570 947 1614 nedum
987 1569 1133 1613 rivuli
1177 1584 1345 1613 omnes
1386 1569 1500 1614 inde
1539 1569 1617 1614 de-

234 1639 397 1692 ducti,
431 1635 787 1696 Maeandrique
814 1635 968 1679 instar
997 1635 1239 1689 ludentes,
1277 1636 1633 1694 erpediantur„

236 1706 358 1748 Fere
391 1705 522 1747 enim
552 1703 785 1763 quisque,
815 1707 868 1744 ut
921 1700 1035 1745 alias
1082 1717 1248 1745 causas
1292 1706 1497 1756 taceam,
1536 1718 1618 1745 no-

235 1769 393 1814 vando
423 1765 866 1829 interpolandoque
898 1767 1083 1827 pedum
1124 1765 1357 1827 vestigia,
1393 1768 1619 1827 vulpecu-

236 1836 311 1879 lae
355 1835 539 1884 instar,
590 1834 754 1878 delere
796 1832 1054 1887 studebat,
1091 1847 1371 1892 novumque
1419 1832 1515 1876 iter
1553 1832 1621 1875 in-

239 1917 431 1961 gressus
461 1899 616 1942 videri
649 1896 892 1956 cupiebat.
963 1899 1276 1960 Quamquam
1305 1896 1457 1958 igitur
1487 1897 1622 1941 editi-

242 1983 391 2010 onum
437 1965 643 2024 stirpes,
686 1960 896 2005 familias
936 1970 982 2006 et
1027 1962 1338 2023 cognationes
1380 1963 1624 2007 deducere

242 2048 295 2074 ec
328 2030 627 2088 distinguere
659 2023 1007 2071 difficillimum
1037 2027 1128 2085 sit3
1163 2034 1343 2082 tamen,
1365 2045 1530 2089 ‘quum
1559 2026 1624 2071 sa-

243 2104 290 2139 ta
323 2111 376 2138 ac
407 2093 761 2139 vicissitudines
796 2100 1063 2147 contextus,
1099 2107 1189 2152 per
1219 2100 1409 2137 tantum
1441 2101 1625 2154 tempo-

245 2161 309 2204 ris
341 2166 553 2203 tractum
573 2191 584 2209 ,
621 2158 680 2202 ad
712 2173 857 2218 quem
886 2157 990 2202 sere
1030 2157 1206 2219 caligat
1247 2157 1408 2214 visus,
1450 2174 1625 2220 propa-

245 2225 344 2287 gati
376 2225 617 2268 rationem
668 2223 1058 2284 mutationesque
1101 2239 1240 2267 nosse
1275 2240 1515 2285 perquam
1556 2223 1626 2285 ju-

247 2290 462 2335 cundum
483 2322 495 2344 ,
527 2289 588 2332 ad
618 2289 767 2333 crisin
799 2296 962 2332 autem
993 2294 1125 2331 recte
1170 2287 1519 2334 instituendam
1550 2289 1628 2332 ad-

248 2356 454 2400 modum
502 2354 836 2398 necessarium
882 2354 970 2398 sit:
1023 2353 1330 2397 committere
1374 2355 1537 2409 nolui,
1574 2361 1627 2398 ut

251 2437 398 2483 opera
424 2420 516 2465 ista
546 2420 595 2463 in
630 2420 830 2464 Horatio
860 2435 1064 2480 prorsus
1098 2418 1475 2464 desideraretur.
1541 2419 1628 2463 Ex-

251 2493 482 2548 perturus
513 2485 696 2547 igitur,
732 2500 983 2546 quousque
1018 2484 1068 2527 in
1097 2483 1188 2528 hoc
1219 2485 1413 2546 negotio
1430 2500 1629 2548 progre-

253 2551 301 2595 di
356 2551 554 2605 liceret,
605 2550 845 2611 simulque
902 2550 1147 2610 pleniores
1201 2550 1629 2611 adcuratioresque

251 2615 697 2676 editionumhujus
727 2622 901 2676 poetae
946 2616 1138 2659 annales
1182 2614 1487 2659 confecturus
1530 2632 1627 2659 non

246 2686 443 2726 'tantum
476 2679 586 2725 edd.
616 2682 895 2743 congeriem
928 2698 954 2724 a
983 2682 1329 2724 VV.DD.rem
1359 2680 1628 2724 literariam

258 2746 550 2810 augentibus
587 2746 838 2809 hucusque
870 2746 1147 2808 adgestam,
1184 2745 1483 2807 amplasque,
1513 2762 1627 2807 quas
