<?xml version="1.0" encoding="UTF-8"?>
<!DOCTYPE html PUBLIC "-//W3C//DTD XHTML 1.0 Transitional//EN"
    "http://www.w3.org/TR/xhtml1/DTD/xhtml1-transitional.dtd">
<html xmlns="http://www.w3.org/1999/xhtml" xml:lang="en" lang="en">
 <head>
  <title>
</title>
<meta http-equiv="Content-Type" content="text/html;charset=utf-8" />
  <meta name='ocr-system' content='tesseract 3.04.00' />
  <meta name='ocr-capabilities' content='ocr_page ocr_carea ocr_par ocr_line ocrx_word'/>
</head>
<body>
  <div class='ocr_page' id='page_1' title='image "./quintihoratiifla01horauoft_0696.png"; bbox 0 0 1779 3085; ppageno 0'>
   <div class='ocr_carea' id='block_1_1' title="bbox 730 205 1101 260">
    <p class='ocr_par' dir='ltr' id='par_1_1' title="bbox 730 205 1101 260">
     <span class='ocr_line' id='line_1_1' title="bbox 730 205 1101 260; baseline -0.003 -25"><span class='ocrx_word' id='word_1_1' title='bbox 730 205 1101 260; x_wconf 66' lang='lat'>...592-</span> 
     </span>
    </p>
   </div>
   <div class='ocr_carea' id='block_1_2' title="bbox 234 319 1621 863">
    <p class='ocr_par' dir='ltr' id='par_1_2' title="bbox 234 319 1621 863">
     <span class='ocr_line' id='line_1_2' title="bbox 235 319 1615 370; baseline -0.003 -11"><span class='ocrx_word' id='word_1_2' title='bbox 235 332 354 360; x_wconf 78' lang='lat' dir='ltr'>terras</span> <span class='ocrx_word' id='word_1_3' title='bbox 379 319 642 358; x_wconf 76' lang='lat' dir='ltr'>remotissimas</span> <span class='ocrx_word' id='word_1_4' title='bbox 666 330 855 368; x_wconf 80' lang='lat' dir='ltr'>pererrare</span> <span class='ocrx_word' id='word_1_5' title='bbox 869 345 880 362; x_wconf 90' lang='lat'>,</span> <span class='ocrx_word' id='word_1_6' title='bbox 906 320 1027 354; x_wconf 82' lang='lat' dir='ltr'>animi</span> <span class='ocrx_word' id='word_1_7' title='bbox 1048 319 1203 370; x_wconf 76' lang='lat' dir='ltr'>inquieti</span> <span class='ocrx_word' id='word_1_8' title='bbox 1224 326 1330 356; x_wconf 75' lang='lat' dir='ltr'>aestu</span> <span class='ocrx_word' id='word_1_9' title='bbox 1350 323 1521 358; x_wconf 74' lang='lat' dir='ltr'>continuo</span> <span class='ocrx_word' id='word_1_10' title='bbox 1546 322 1615 356; x_wconf 71' lang='lat' dir='ltr'>cit-</span> 
     </span>
     <span class='ocr_line' id='line_1_3' title="bbox 234 380 1610 430; baseline -0.002 -9"><span class='ocrx_word' id='word_1_11' title='bbox 234 391 464 430; x_wconf 78' lang='lat' dir='ltr'>cumagente.</span> <span class='ocrx_word' id='word_1_12' title='bbox 497 381 559 417; x_wconf 89' lang='lat' dir='ltr'>Sic</span> <span class='ocrx_word' id='word_1_13' title='bbox 595 380 703 415; x_wconf 76' lang='lat' dir='ltr'>urbes</span> <span class='ocrx_word' id='word_1_14' title='bbox 736 386 887 415; x_wconf 83' lang='lat' dir='ltr'>mutare</span> <span class='ocrx_word' id='word_1_15' title='bbox 910 382 946 416; x_wconf 85' lang='lat' dir='ltr'>in</span> <span class='ocrx_word' id='word_1_16' title='bbox 969 381 1128 418; x_wconf 79' lang='lat' dir='ltr'><strong>Senecae</strong></span> <span class='ocrx_word' id='word_1_17' title='bbox 1161 381 1187 417; x_wconf 88' lang='lat' dir='ltr'>l.</span> <span class='ocrx_word' id='word_1_18' title='bbox 1209 380 1235 418; x_wconf 75' lang='lat' dir='ltr'>l.</span> <span class='ocrx_word' id='word_1_19' title='bbox 1272 382 1419 418; x_wconf 80' lang='lat' dir='ltr'>Lucret.</span> <span class='ocrx_word' id='word_1_20' title='bbox 1442 382 1506 415; x_wconf 79' lang='lat' dir='ltr'>tv.</span> <span class='ocrx_word' id='word_1_21' title='bbox 1525 382 1610 426; x_wconf 60' lang='lat'>460⁶</span> 
     </span>
     <span class='ocr_line' id='line_1_4' title="bbox 236 441 1612 491; baseline -0.001 -11"><span class='ocrx_word' id='word_1_22' title='bbox 236 447 382 481; x_wconf 81' lang='lat' dir='ltr'>coelum</span> <span class='ocrx_word' id='word_1_23' title='bbox 410 455 517 478; x_wconf 83' lang='lat' dir='ltr'>mare</span> <span class='ocrx_word' id='word_1_24' title='bbox 529 441 719 491; x_wconf 85' lang='lat' dir='ltr'>flumina,</span> <span class='ocrx_word' id='word_1_25' title='bbox 743 450 894 477; x_wconf 83' lang='lat' dir='ltr'>montes</span> <span class='ocrx_word' id='word_1_26' title='bbox 915 448 1066 479; x_wconf 76' lang='lat' dir='ltr'>mutare</span> <span class='ocrx_word' id='word_1_27' title='bbox 1084 448 1120 478; x_wconf 79' lang='lat' dir='ltr'>et</span> <span class='ocrx_word' id='word_1_28' title='bbox 1141 455 1294 490; x_wconf 81' lang='lat' dir='ltr'>campos</span> <span class='ocrx_word' id='word_1_29' title='bbox 1314 442 1473 490; x_wconf 77' lang='lat' dir='ltr'>pedibus</span> <span class='ocrx_word' id='word_1_30' title='bbox 1508 448 1612 478; x_wconf 72' lang='lat' dir='ltr'>tran-</span> 
     </span>
     <span class='ocr_line' id='line_1_5' title="bbox 236 504 1616 554; baseline 0.001 -14"><span class='ocrx_word' id='word_1_31' title='bbox 236 506 311 540; x_wconf 79' lang='lat' dir='ltr'>sire</span> <span class='ocrx_word' id='word_1_32' title='bbox 333 504 530 539; x_wconf 80' lang='lat' dir='ltr'>videmur.-</span> <span class='ocrx_word' id='word_1_33' title='bbox 558 512 594 540; x_wconf 79' lang='lat' dir='ltr'>et</span> <span class='ocrx_word' id='word_1_34' title='bbox 618 506 732 552; x_wconf 72' lang='lat' dir='ltr'>magis</span> <span class='ocrx_word' id='word_1_35' title='bbox 765 504 932 554; x_wconf 74' lang='lat' dir='ltr'>adposite</span> <span class='ocrx_word' id='word_1_36' title='bbox 967 505 1036 540; x_wconf 83' lang='lat'>111.</span> <span class='ocrx_word' id='word_1_37' title='bbox 1065 515 1165 547; x_wconf 79' lang='lat'>1070.</span> <span class='ocrx_word' id='word_1_38' title='bbox 1194 507 1231 540; x_wconf 83' lang='lat' dir='ltr'>Si</span> <span class='ocrx_word' id='word_1_39' title='bbox 1269 513 1417 541; x_wconf 76' lang='lat' dir='ltr'><strong>nossent</strong></span> <span class='ocrx_word' id='word_1_40' title='bbox 1449 504 1616 541; x_wconf 85' lang='lat' dir='ltr'>homines</span> 
     </span>
     <span class='ocr_line' id='line_1_6' title="bbox 236 566 1617 614; baseline -0.001 -11"><span class='ocrx_word' id='word_1_41' title='bbox 236 567 479 614; x_wconf 75' lang='lat' dir='ltr'>aegritudinis</span> <span class='ocrx_word' id='word_1_42' title='bbox 525 578 650 603; x_wconf 81' lang='lat' dir='ltr'>causas</span> <span class='ocrx_word' id='word_1_43' title='bbox 665 595 673 611; x_wconf 69' lang='lat'>,</span> <span class='ocrx_word' id='word_1_44' title='bbox 703 566 808 600; x_wconf 79' lang='lat' dir='ltr'>haud</span> <span class='ocrx_word' id='word_1_45' title='bbox 828 566 886 599; x_wconf 82' lang='lat' dir='ltr'>ita</span> <span class='ocrx_word' id='word_1_46' title='bbox 910 566 1029 600; x_wconf 81' lang='lat' dir='ltr'>vitam</span> <span class='ocrx_word' id='word_1_47' title='bbox 1056 571 1212 612; x_wconf 75' lang='lat' dir='ltr'><em>agerent</em></span> <span class='ocrx_word' id='word_1_48' title='bbox 1236 586 1281 594; x_wconf 92' lang='lat'><em>-</em></span> <span class='ocrx_word' id='word_1_49' title='bbox 1305 579 1483 614; x_wconf 81' lang='lat' dir='ltr'><strong><em>quaerere</em></strong></span> <span class='ocrx_word' id='word_1_50' title='bbox 1518 578 1617 602; x_wconf 82' lang='lat' dir='ltr'>sem-</span> 
     </span>
     <span class='ocr_line' id='line_1_7' title="bbox 235 627 1617 677; baseline 0.001 -14"><span class='ocrx_word' id='word_1_51' title='bbox 235 640 307 677; x_wconf 85' lang='lat' dir='ltr'>per</span> <span class='ocrx_word' id='word_1_52' title='bbox 328 632 564 662; x_wconf 81' lang='lat' dir='ltr'>commutare</span> <span class='ocrx_word' id='word_1_53' title='bbox 595 629 743 670; x_wconf 82' lang='lat' dir='ltr'><em>locum,</em></span> <span class='ocrx_word' id='word_1_54' title='bbox 768 627 878 674; x_wconf 82' lang='lat' dir='ltr'><em>quasi</em></span> <span class='ocrx_word' id='word_1_55' title='bbox 901 639 995 663; x_wconf 83' lang='lat' dir='ltr'>onus</span> <span class='ocrx_word' id='word_1_56' title='bbox 1028 628 1212 674; x_wconf 79' lang='lat' dir='ltr'><em>deponere</em></span> <span class='ocrx_word' id='word_1_57' title='bbox 1238 629 1361 673; x_wconf 79' lang='lat' dir='ltr'><em>possit</em></span> <span class='ocrx_word' id='word_1_58' title='bbox 1392 631 1544 664; x_wconf 77' lang='lat' dir='ltr'>animus.</span> <span class='ocrx_word' id='word_1_59' title='bbox 1569 646 1617 658; x_wconf 90' lang='lat'><em>-</em></span> 
     </span>
     <span class='ocr_line' id='line_1_8' title="bbox 236 690 1618 742; baseline -0.003 -14"><span class='ocrx_word' id='word_1_60' title='bbox 236 691 394 728; x_wconf 78' lang='lat' dir='ltr'><em>Patriae</em></span> <span class='ocrx_word' id='word_1_61' title='bbox 417 690 501 738; x_wconf 82' lang='lat' dir='ltr'>quis</span> <span class='ocrx_word' id='word_1_62' title='bbox 534 698 605 726; x_wconf 89' lang='lat' dir='ltr'>cet.</span> <span class='ocrx_word' id='word_1_63' title='bbox 644 690 845 726; x_wconf 84' lang='lat' dir='ltr'>Enimvero</span> <span class='ocrx_word' id='word_1_64' title='bbox 870 692 915 732; x_wconf 84' lang='lat' dir='ltr'>is,</span> <span class='ocrx_word' id='word_1_65' title='bbox 939 692 999 742; x_wconf 83' lang='lat' dir='ltr'>qui</span> <span class='ocrx_word' id='word_1_66' title='bbox 1023 693 1177 739; x_wconf 81' lang='lat' dir='ltr'>patriam</span> <span class='ocrx_word' id='word_1_67' title='bbox 1199 691 1304 738; x_wconf 81' lang='lat' dir='ltr'>fugit,</span> <span class='ocrx_word' id='word_1_68' title='bbox 1330 691 1516 742; x_wconf 84' lang='lat' dir='ltr'>relinquit,</span> <span class='ocrx_word' id='word_1_69' title='bbox 1527 690 1618 725; x_wconf 81' lang='lat' dir='ltr'>alias</span> 
     </span>
     <span class='ocr_line' id='line_1_9' title="bbox 237 752 1620 800; baseline -0.002 -10"><span class='ocrx_word' id='word_1_70' title='bbox 237 754 401 790; x_wconf 80' lang='lat' dir='ltr'>aditurus</span> <span class='ocrx_word' id='word_1_71' title='bbox 427 754 610 795; x_wconf 74' lang='lat' dir='ltr'>regiones,</span> <span class='ocrx_word' id='word_1_72' title='bbox 635 766 721 787; x_wconf 89' lang='lat' dir='ltr'>num</span> <span class='ocrx_word' id='word_1_73' title='bbox 742 764 782 786; x_wconf 83' lang='lat' dir='ltr'>se</span> <span class='ocrx_word' id='word_1_74' title='bbox 801 752 1106 800; x_wconf 77' lang='lat' dir='ltr'>quoquefugit?</span> <span class='ocrx_word' id='word_1_75' title='bbox 1130 753 1167 787; x_wconf 81' lang='lat' dir='ltr'>h.</span> <span class='ocrx_word' id='word_1_76' title='bbox 1200 754 1228 786; x_wconf 85' lang='lat' dir='ltr'>is</span> <span class='ocrx_word' id='word_1_77' title='bbox 1250 753 1361 786; x_wconf 90' lang='lat' dir='ltr'>animi</span> <span class='ocrx_word' id='word_1_78' title='bbox 1382 754 1438 787; x_wconf 87' lang='lat' dir='ltr'>sui</span> <span class='ocrx_word' id='word_1_79' title='bbox 1463 753 1620 799; x_wconf 83' lang='lat' dir='ltr'>aegritu-</span> 
     </span>
     <span class='ocr_line' id='line_1_10' title="bbox 236 811 1621 863; baseline -0.001 -13"><span class='ocrx_word' id='word_1_80' title='bbox 236 815 361 850; x_wconf 80' lang='lat' dir='ltr'>dinem</span> <span class='ocrx_word' id='word_1_81' title='bbox 384 812 517 863; x_wconf 83' lang='lat' dir='ltr'>ubique</span> <span class='ocrx_word' id='word_1_82' title='bbox 541 814 770 857; x_wconf 80' lang='lat' dir='ltr'>circumfert,</span> <span class='ocrx_word' id='word_1_83' title='bbox 804 826 911 848; x_wconf 86' lang='lat' dir='ltr'>curae</span> <span class='ocrx_word' id='word_1_84' title='bbox 943 826 1023 848; x_wconf 85' lang='lat' dir='ltr'>cum</span> <span class='ocrx_word' id='word_1_85' title='bbox 1048 815 1119 848; x_wconf 85' lang='lat' dir='ltr'>isto</span> <span class='ocrx_word' id='word_1_86' title='bbox 1149 815 1442 862; x_wconf 83' lang='lat' dir='ltr'>peregrinantur.</span> <span class='ocrx_word' id='word_1_87' title='bbox 1479 811 1621 849; x_wconf 85' lang='lat' dir='ltr'>Seneca</span> 
     </span>
    </p>
   </div>
   <div class='ocr_carea' id='block_1_3' title="bbox 237 874 1742 925">
    <p class='ocr_par' dir='ltr' id='par_1_3' title="bbox 237 874 1742 925">
     <span class='ocr_line' id='line_1_11' title="bbox 237 874 1742 925; baseline 0 -15"><span class='ocrx_word' id='word_1_88' title='bbox 237 876 283 913; x_wconf 81' lang='lat' dir='ltr'>de</span> <span class='ocrx_word' id='word_1_89' title='bbox 305 875 514 925; x_wconf 81' lang='lat' dir='ltr'>Tranquill.</span> <span class='ocrx_word' id='word_1_90' title='bbox 550 885 582 908; x_wconf 66' lang='grc' dir='ltr'>α.</span> <span class='ocrx_word' id='word_1_91' title='bbox 609 874 734 907; x_wconf 71' lang='lat' dir='ltr'><em>Aliud</em></span> <span class='ocrx_word' id='word_1_92' title='bbox 766 886 818 907; x_wconf 65' lang='grc' dir='ltr'>εἰ·</span> <span class='ocrx_word' id='word_1_93' title='bbox 854 874 933 907; x_wconf 80' lang='lat' dir='ltr'>alio</span> <span class='ocrx_word' id='word_1_94' title='bbox 964 875 1039 906; x_wconf 80' lang='lat' dir='ltr'>iter</span> <span class='ocrx_word' id='word_1_95' title='bbox 1071 875 1303 919; x_wconf 79' lang='lat' dir='ltr'>suscipitur,</span> <span class='ocrx_word' id='word_1_96' title='bbox 1337 877 1375 910; x_wconf 79' lang='lat' dir='ltr'>et</span> <span class='ocrx_word' id='word_1_97' title='bbox 1406 874 1621 917; x_wconf 81' lang='lat' dir='ltr'>spectacula</span> <span class='ocrx_word' id='word_1_98' title='bbox 1674 909 1678 912; x_wconf 19' lang='grc' dir='ltr'><strong><em>Δ</em></strong></span> <span class='ocrx_word' id='word_1_99' title='bbox 1719 878 1742 924; x_wconf 33' lang='lat' dir='ltr'>„j</span> 
     </span>
    </p>
   </div>
   <div class='ocr_carea' id='block_1_4' title="bbox 236 933 1635 2708">
    <p class='ocr_par' dir='ltr' id='par_1_4' title="bbox 236 933 1629 1598">
     <span class='ocr_line' id='line_1_12' title="bbox 237 933 1623 987; baseline -0.001 -16"><span class='ocrx_word' id='word_1_100' title='bbox 237 936 465 981; x_wconf 70' lang='lat' dir='ltr'>spectaculis</span> <span class='ocrx_word' id='word_1_101' title='bbox 488 940 714 976; x_wconf 82' lang='lat' dir='ltr'>mutantur,</span> <span class='ocrx_word' id='word_1_102' title='bbox 751 939 796 968; x_wconf 79' lang='lat' dir='ltr'>ut</span> <span class='ocrx_word' id='word_1_103' title='bbox 820 934 876 967; x_wconf 85' lang='lat' dir='ltr'>ait</span> <span class='ocrx_word' id='word_1_104' title='bbox 900 933 1123 968; x_wconf 72' lang='lat' dir='ltr'>Lucretius:</span> <span class='ocrx_word' id='word_1_105' title='bbox 1161 935 1240 970; x_wconf 86' lang='lat' dir='ltr'>Hoc</span> <span class='ocrx_word' id='word_1_106' title='bbox 1271 949 1309 971; x_wconf 85' lang='lat' dir='ltr'>se</span> <span class='ocrx_word' id='word_1_107' title='bbox 1333 937 1485 987; x_wconf 80' lang='lat' dir='ltr'>quisque</span> <span class='ocrx_word' id='word_1_108' title='bbox 1511 934 1623 970; x_wconf 87' lang='lat' dir='ltr'>modo</span> 
     </span>
     <span class='ocr_line' id='line_1_13' title="bbox 236 994 1623 1049; baseline -0.002 -16"><span class='ocrx_word' id='word_1_109' title='bbox 236 1011 382 1049; x_wconf 45' lang='lat' dir='ltr'>semper</span> <span class='ocrx_word' id='word_1_110' title='bbox 403 997 509 1044; x_wconf 81' lang='lat' dir='ltr'>fugit.</span> <span class='ocrx_word' id='word_1_111' title='bbox 541 994 616 1029; x_wconf 82' lang='lat' dir='ltr'>Sed</span> <span class='ocrx_word' id='word_1_112' title='bbox 636 995 731 1042; x_wconf 80' lang='lat' dir='ltr'>quid</span> <span class='ocrx_word' id='word_1_113' title='bbox 751 995 922 1041; x_wconf 81' lang='lat' dir='ltr'>prodest,</span> <span class='ocrx_word' id='word_1_114' title='bbox 946 994 979 1029; x_wconf 83' lang='lat' dir='ltr'>si</span> <span class='ocrx_word' id='word_1_115' title='bbox 999 1005 1076 1029; x_wconf 88' lang='lat' dir='ltr'>non</span> <span class='ocrx_word' id='word_1_116' title='bbox 1097 994 1266 1042; x_wconf 57' lang='lat' dir='ltr'>effugit?</span> <span class='ocrx_word' id='word_1_117' title='bbox 1287 997 1458 1042; x_wconf 80' lang='lat' dir='ltr'>sequitur</span> <span class='ocrx_word' id='word_1_118' title='bbox 1478 1008 1518 1030; x_wconf 81' lang='lat' dir='ltr'>se</span> <span class='ocrx_word' id='word_1_119' title='bbox 1540 995 1623 1041; x_wconf 81' lang='lat' dir='ltr'>ipse</span> 
     </span>
     <span class='ocr_line' id='line_1_14' title="bbox 239 1056 1621 1109; baseline -0.001 -15"><span class='ocrx_word' id='word_1_120' title='bbox 239 1065 275 1094; x_wconf 82' lang='lat' dir='ltr'>et</span> <span class='ocrx_word' id='word_1_121' title='bbox 299 1064 412 1105; x_wconf 76' lang='lat' dir='ltr'>urget</span> <span class='ocrx_word' id='word_1_122' title='bbox 429 1056 686 1102; x_wconf 71' lang='lat' dir='ltr'>gravissimus</span> <span class='ocrx_word' id='word_1_123' title='bbox 710 1068 848 1092; x_wconf 80' lang='lat' dir='ltr'>comes.</span> <span class='ocrx_word' id='word_1_124' title='bbox 874 1057 1041 1093; x_wconf 85' lang='lat' dir='ltr'>Lucretii</span> <span class='ocrx_word' id='word_1_125' title='bbox 1066 1056 1169 1091; x_wconf 80' lang='lat' dir='ltr'>locus</span> <span class='ocrx_word' id='word_1_126' title='bbox 1200 1063 1254 1091; x_wconf 82' lang='lat' dir='ltr'>est</span> <span class='ocrx_word' id='word_1_127' title='bbox 1289 1056 1355 1092; x_wconf 88' lang='lat'>111.</span> <span class='ocrx_word' id='word_1_128' title='bbox 1398 1059 1501 1094; x_wconf 83' lang='lat'>1081.</span> <span class='ocrx_word' id='word_1_129' title='bbox 1538 1070 1621 1109; x_wconf 85' lang='lat' dir='ltr'>sqq.</span> 
     </span>
     <span class='ocr_line' id='line_1_15' title="bbox 239 1116 1624 1168; baseline -0.002 -13"><span class='ocrx_word' id='word_1_130' title='bbox 239 1121 376 1156; x_wconf 71' lang='lat' dir='ltr'><em>Exsul</em></span> <span class='ocrx_word' id='word_1_131' title='bbox 399 1119 553 1167; x_wconf 78' lang='lat' dir='ltr'>patriae</span> <span class='ocrx_word' id='word_1_132' title='bbox 585 1117 756 1167; x_wconf 46' lang='lat' dir='ltr'>docteet</span> <span class='ocrx_word' id='word_1_133' title='bbox 779 1119 923 1168; x_wconf 76' lang='lat' dir='ltr'>plenius</span> <span class='ocrx_word' id='word_1_134' title='bbox 957 1119 1014 1162; x_wconf 91' lang='lat' dir='ltr'>(ut</span> <span class='ocrx_word' id='word_1_135' title='bbox 1044 1118 1129 1151; x_wconf 70' lang='lat' dir='ltr'>dua:</span> <span class='ocrx_word' id='word_1_136' title='bbox 1157 1116 1324 1152; x_wconf 79' lang='lat' dir='ltr'>militiae</span> <span class='ocrx_word' id='word_1_137' title='bbox 1356 1118 1404 1151; x_wconf 80' lang='grc' dir='ltr'>ΙΙ.</span> <span class='ocrx_word' id='word_1_138' title='bbox 1426 1128 1460 1163; x_wconf 89' lang='lat'>7.</span> <span class='ocrx_word' id='word_1_139' title='bbox 1480 1118 1534 1162; x_wconf 79' lang='lat'>2.)</span> <span class='ocrx_word' id='word_1_140' title='bbox 1558 1130 1624 1168; x_wconf 85' lang='lat' dir='ltr'>pro</span> 
     </span>
     <span class='ocr_line' id='line_1_16' title="bbox 237 1178 1627 1232; baseline -0.003 -15"><span class='ocrx_word' id='word_1_141' title='bbox 237 1181 361 1232; x_wconf 77' lang='lat' dir='ltr'>simpl.</span> <span class='ocrx_word' id='word_1_142' title='bbox 386 1183 517 1225; x_wconf 72' lang='lat' dir='ltr'>exsul,</span> <span class='ocrx_word' id='word_1_143' title='bbox 537 1189 571 1216; x_wconf 86' lang='lat' dir='ltr'>et</span> <span class='ocrx_word' id='word_1_144' title='bbox 597 1183 667 1216; x_wconf 79' lang='lat' dir='ltr'>hoo</span> <span class='ocrx_word' id='word_1_145' title='bbox 687 1194 770 1230; x_wconf 91' lang='lat' dir='ltr'>pro,</span> <span class='ocrx_word' id='word_1_146' title='bbox 794 1181 856 1232; x_wconf 82' lang='lat' dir='ltr'>qui</span> <span class='ocrx_word' id='word_1_147' title='bbox 881 1182 999 1230; x_wconf 83' lang='lat' dir='ltr'>patria</span> <span class='ocrx_word' id='word_1_148' title='bbox 1019 1179 1181 1220; x_wconf 78' lang='lat' dir='ltr'>excedit,</span> <span class='ocrx_word' id='word_1_149' title='bbox 1204 1178 1437 1230; x_wconf 59' lang='lat' dir='ltr'>longinqstam</span> <span class='ocrx_word' id='word_1_150' title='bbox 1461 1180 1627 1229; x_wconf 86' lang='lat' dir='ltr'>peregri-</span> 
     </span>
     <span class='ocr_line' id='line_1_17' title="bbox 236 1240 1626 1289; baseline -0.001 -10"><span class='ocrx_word' id='word_1_151' title='bbox 236 1246 424 1279; x_wconf 80' lang='lat' dir='ltr'>nationem</span> <span class='ocrx_word' id='word_1_152' title='bbox 444 1251 693 1288; x_wconf 73' lang='lat' dir='ltr'>suscepturus.</span> <span class='ocrx_word' id='word_1_153' title='bbox 741 1242 906 1289; x_wconf 82' lang='lat' dir='ltr'>Longam</span> <span class='ocrx_word' id='word_1_154' title='bbox 935 1244 1032 1278; x_wconf 83' lang='lat' dir='ltr'>enim</span> <span class='ocrx_word' id='word_1_155' title='bbox 1051 1240 1254 1277; x_wconf 76' lang='lat' dir='ltr'>absentiam</span> <span class='ocrx_word' id='word_1_156' title='bbox 1292 1242 1407 1276; x_wconf 85' lang='lat' dir='ltr'>innuit</span> <span class='ocrx_word' id='word_1_157' title='bbox 1437 1242 1505 1276; x_wconf 77' lang='lat' dir='ltr'>hac</span> <span class='ocrx_word' id='word_1_158' title='bbox 1535 1254 1626 1277; x_wconf 87' lang='lat' dir='ltr'>voce</span> 
     </span>
     <span class='ocr_line' id='line_1_18' title="bbox 237 1301 1626 1353; baseline 0 -15"><span class='ocrx_word' id='word_1_159' title='bbox 237 1312 364 1353; x_wconf 84' lang='lat' dir='ltr'>poeta.</span> <span class='ocrx_word' id='word_1_160' title='bbox 405 1304 596 1338; x_wconf 78' lang='lat' dir='ltr'>Exsulem</span> <span class='ocrx_word' id='word_1_161' title='bbox 626 1303 767 1336; x_wconf 79' lang='lat' dir='ltr'>hiemis</span> <span class='ocrx_word' id='word_1_162' title='bbox 802 1301 933 1338; x_wconf 88' lang='lat' dir='ltr'>eadem</span> <span class='ocrx_word' id='word_1_163' title='bbox 975 1303 1107 1338; x_wconf 83' lang='lat' dir='ltr'>virtute</span> <span class='ocrx_word' id='word_1_164' title='bbox 1143 1303 1323 1352; x_wconf 81' lang='lat' dir='ltr'>ciconiam</span> <span class='ocrx_word' id='word_1_165' title='bbox 1354 1303 1446 1337; x_wconf 83' lang='lat' dir='ltr'>dixit</span> <span class='ocrx_word' id='word_1_166' title='bbox 1477 1302 1626 1338; x_wconf 85' lang='lat' dir='ltr'>Petron.</span> 
     </span>
     <span class='ocr_line' id='line_1_19' title="bbox 237 1363 1624 1412; baseline -0.001 -12"><span class='ocrx_word' id='word_1_167' title='bbox 237 1365 370 1412; x_wconf 83' lang='lat' dir='ltr'>fragm.</span> <span class='ocrx_word' id='word_1_168' title='bbox 398 1365 443 1400; x_wconf 91' lang='lat' dir='ltr'>V.</span> <span class='ocrx_word' id='word_1_169' title='bbox 468 1363 663 1399; x_wconf 82' lang='lat' dir='ltr'>Praeclare</span> <span class='ocrx_word' id='word_1_170' title='bbox 689 1372 810 1400; x_wconf 89' lang='lat' dir='ltr'>autem</span> <span class='ocrx_word' id='word_1_171' title='bbox 835 1366 993 1401; x_wconf 76' lang='lat' dir='ltr'>servavit</span> <span class='ocrx_word' id='word_1_172' title='bbox 1028 1364 1200 1400; x_wconf 76' lang='lat' dir='ltr'>Horatius</span> <span class='ocrx_word' id='word_1_173' title='bbox 1229 1366 1403 1401; x_wconf 85' lang='lat' dir='ltr'>orationis</span> <span class='ocrx_word' id='word_1_174' title='bbox 1433 1364 1624 1407; x_wconf 61' lang='lat' dir='ltr'>colorem,</span> 
     </span>
     <span class='ocr_line' id='line_1_20' title="bbox 240 1421 1629 1477; baseline -0.005 -15"><span class='ocrx_word' id='word_1_175' title='bbox 240 1426 287 1462; x_wconf 77' lang='lat' dir='ltr'>ab</span> <span class='ocrx_word' id='word_1_176' title='bbox 311 1426 442 1462; x_wconf 80' lang='lat' dir='ltr'>exsilio</span> <span class='ocrx_word' id='word_1_177' title='bbox 466 1426 634 1475; x_wconf 83' lang='lat' dir='ltr'>petitum,</span> <span class='ocrx_word' id='word_1_178' title='bbox 657 1439 692 1460; x_wconf 84' lang='lat' dir='ltr'>v.</span> <span class='ocrx_word' id='word_1_179' title='bbox 714 1426 867 1469; x_wconf 70' lang='lat' dir='ltr'>fugere,</span> <span class='ocrx_word' id='word_1_180' title='bbox 900 1425 997 1477; x_wconf 83' lang='lat' dir='ltr'>quod</span> <span class='ocrx_word' id='word_1_181' title='bbox 1025 1424 1168 1469; x_wconf 75' lang='lat' dir='ltr'>itidem,</span> <span class='ocrx_word' id='word_1_182' title='bbox 1188 1435 1226 1461; x_wconf 85' lang='lat' dir='ltr'>ut</span> <span class='ocrx_word' id='word_1_183' title='bbox 1252 1439 1305 1473; x_wconf 84' lang='lat' dir='ltr'>gr.</span> <span class='ocrx_word' id='word_1_184' title='bbox 1334 1421 1476 1469; x_wconf 69' lang='grc' dir='ltr'><em>φεῦγεΙν</em></span> <span class='ocrx_word' id='word_1_185' title='bbox 1501 1427 1545 1461; x_wconf 77' lang='lat' dir='ltr'>de</span> <span class='ocrx_word' id='word_1_186' title='bbox 1569 1436 1629 1462; x_wconf 55' lang='lat' dir='ltr'>ex⁴</span> 
     </span>
     <span class='ocr_line' id='line_1_21' title="bbox 241 1485 1626 1537; baseline -0.002 -14"><span class='ocrx_word' id='word_1_187' title='bbox 241 1488 329 1523; x_wconf 83' lang='lat' dir='ltr'>silio</span> <span class='ocrx_word' id='word_1_188' title='bbox 354 1488 520 1537; x_wconf 87' lang='lat' dir='ltr'>poetisin</span> <span class='ocrx_word' id='word_1_189' title='bbox 546 1498 609 1520; x_wconf 89' lang='lat' dir='ltr'>usu</span> <span class='ocrx_word' id='word_1_190' title='bbox 631 1494 701 1521; x_wconf 83' lang='lat' dir='ltr'>est.</span> <span class='ocrx_word' id='word_1_191' title='bbox 726 1486 829 1534; x_wconf 84' lang='lat' dir='ltr'>Virg.</span> <span class='ocrx_word' id='word_1_192' title='bbox 852 1486 934 1523; x_wconf 85' lang='lat' dir='ltr'><strong>Ecl.</strong></span> <span class='ocrx_word' id='word_1_193' title='bbox 958 1487 987 1524; x_wconf 85' lang='grc' dir='ltr'>Ι.</span> <span class='ocrx_word' id='word_1_194' title='bbox 1018 1496 1047 1522; x_wconf 86' lang='grc'>1.</span> <span class='ocrx_word' id='word_1_195' title='bbox 1074 1499 1108 1529; x_wconf 85' lang='grc'>4.</span> <span class='ocrx_word' id='word_1_196' title='bbox 1138 1487 1218 1522; x_wconf 83' lang='lat' dir='ltr'>Nos</span> <span class='ocrx_word' id='word_1_197' title='bbox 1237 1487 1411 1533; x_wconf 82' lang='lat' dir='ltr'>patriam</span> <span class='ocrx_word' id='word_1_198' title='bbox 1424 1485 1626 1533; x_wconf 71' lang='lat' dir='ltr'>fugimus,</span> 
     </span>
     <span class='ocr_line' id='line_1_22' title="bbox 242 1545 575 1598; baseline -0.018 -13"><span class='ocrx_word' id='word_1_199' title='bbox 242 1550 447 1598; x_wconf 70' lang='lat' dir='ltr'>etosaepius</span> <span class='ocrx_word' id='word_1_200' title='bbox 471 1545 575 1582; x_wconf 76' lang='lat' dir='ltr'>alibi.</span> 
     </span>
    </p>

    <p class='ocr_par' dir='ltr' id='par_1_5' title="bbox 241 1605 1635 2708">
     <span class='ocr_line' id='line_1_23' title="bbox 335 1605 1628 1659; baseline 0.003 -17"><span class='ocrx_word' id='word_1_201' title='bbox 335 1621 368 1647; x_wconf 78' lang='lat' dir='ltr'>v.</span> <span class='ocrx_word' id='word_1_202' title='bbox 392 1621 433 1644; x_wconf 83' lang='lat'>21</span> <span class='ocrx_word' id='word_1_203' title='bbox 459 1623 506 1634; x_wconf 77' lang='lat'>-—</span> <span class='ocrx_word' id='word_1_204' title='bbox 530 1617 586 1648; x_wconf 80' lang='grc'>24.</span> <span class='ocrx_word' id='word_1_205' title='bbox 608 1605 863 1656; x_wconf 76' lang='lat' dir='ltr'>Amplificatur</span> <span class='ocrx_word' id='word_1_206' title='bbox 884 1611 974 1654; x_wconf 77' lang='lat' dir='ltr'>jam,</span> <span class='ocrx_word' id='word_1_207' title='bbox 991 1606 1289 1659; x_wconf 80' lang='lat' dir='ltr'>specialibusque</span> <span class='ocrx_word' id='word_1_208' title='bbox 1314 1611 1468 1659; x_wconf 77' lang='lat' dir='ltr'>picturis</span> <span class='ocrx_word' id='word_1_209' title='bbox 1481 1610 1628 1657; x_wconf 77' lang='lat' dir='ltr'>egregie</span> 
     </span>
     <span class='ocr_line' id='line_1_24' title="bbox 241 1669 1628 1718; baseline -0.001 -13"><span class='ocrx_word' id='word_1_210' title='bbox 241 1675 541 1718; x_wconf 80' lang='lat' dir='ltr'>repraesentatur</span> <span class='ocrx_word' id='word_1_211' title='bbox 561 1670 806 1717; x_wconf 85' lang='lat' dir='ltr'>proximorum</span> <span class='ocrx_word' id='word_1_212' title='bbox 831 1682 887 1702; x_wconf 88' lang='lat' dir='ltr'>vv.</span> <span class='ocrx_word' id='word_1_213' title='bbox 911 1671 1107 1704; x_wconf 86' lang='lat' dir='ltr'>sententia.</span> <span class='ocrx_word' id='word_1_214' title='bbox 1128 1669 1320 1705; x_wconf 84' lang='lat' dir='ltr'>Hominem</span> <span class='ocrx_word' id='word_1_215' title='bbox 1345 1672 1466 1704; x_wconf 91' lang='lat' dir='ltr'>animo</span> <span class='ocrx_word' id='word_1_216' title='bbox 1480 1682 1628 1715; x_wconf 83' lang='lat' dir='ltr'>aegrum</span> 
     </span>
     <span class='ocr_line' id='line_1_25' title="bbox 242 1728 1630 1779; baseline -0.002 -12"><span class='ocrx_word' id='word_1_217' title='bbox 242 1734 390 1773; x_wconf 79' lang='lat' dir='ltr'>itinera,</span> <span class='ocrx_word' id='word_1_218' title='bbox 422 1738 520 1763; x_wconf 83' lang='lat' dir='ltr'>terra</span> <span class='ocrx_word' id='word_1_219' title='bbox 541 1731 679 1764; x_wconf 83' lang='lat' dir='ltr'>marive</span> <span class='ocrx_word' id='word_1_220' title='bbox 704 1729 815 1763; x_wconf 81' lang='lat' dir='ltr'>animi</span> <span class='ocrx_word' id='word_1_221' title='bbox 852 1728 1043 1764; x_wconf 67' lang='lat' dir='ltr'>remeandi</span> <span class='ocrx_word' id='word_1_222' title='bbox 1066 1742 1172 1765; x_wconf 78' lang='lat' dir='ltr'>causa</span> <span class='ocrx_word' id='word_1_223' title='bbox 1197 1728 1381 1779; x_wconf 79' lang='lat' dir='ltr'>suscepta,</span> <span class='ocrx_word' id='word_1_224' title='bbox 1408 1745 1476 1766; x_wconf 89' lang='lat' dir='ltr'>non</span> <span class='ocrx_word' id='word_1_225' title='bbox 1505 1730 1630 1765; x_wconf 79' lang='lat' dir='ltr'>levant</span> 
     </span>
     <span class='ocr_line' id='line_1_26' title="bbox 245 1789 1630 1842; baseline -0.003 -14"><span class='ocrx_word' id='word_1_226' title='bbox 245 1797 323 1842; x_wconf 86' lang='lat' dir='ltr'>ejus</span> <span class='ocrx_word' id='word_1_227' title='bbox 349 1790 621 1839; x_wconf 80' lang='lat' dir='ltr'>aegritudinem</span> <span class='ocrx_word' id='word_1_228' title='bbox 649 1792 860 1840; x_wconf 84' lang='lat' dir='ltr'>neutiquam</span> <span class='ocrx_word' id='word_1_229' title='bbox 885 1791 1054 1824; x_wconf 88' lang='lat' dir='ltr'>minuunt</span> <span class='ocrx_word' id='word_1_230' title='bbox 1069 1798 1128 1824; x_wconf 83' lang='lat' dir='ltr'>aut</span> <span class='ocrx_word' id='word_1_231' title='bbox 1157 1789 1303 1824; x_wconf 82' lang='lat' dir='ltr'>tollunt.</span> <span class='ocrx_word' id='word_1_232' title='bbox 1341 1790 1410 1826; x_wconf 88' lang='lat' dir='ltr'>Pro</span> <span class='ocrx_word' id='word_1_233' title='bbox 1440 1790 1513 1826; x_wconf 87' lang='lat' dir='ltr'>hoc</span> <span class='ocrx_word' id='word_1_234' title='bbox 1539 1792 1630 1825; x_wconf 89' lang='lat' dir='ltr'>vivi·</span> 
     </span>
     <span class='ocr_line' id='line_1_27' title="bbox 242 1850 1631 1902; baseline -0.001 -12"><span class='ocrx_word' id='word_1_235' title='bbox 242 1855 395 1890; x_wconf 83' lang='lat' dir='ltr'>dissima</span> <span class='ocrx_word' id='word_1_236' title='bbox 418 1854 577 1900; x_wconf 79' lang='lat' dir='ltr'>imagine</span> <span class='ocrx_word' id='word_1_237' title='bbox 602 1858 734 1901; x_wconf 88' lang='lat' dir='ltr'>poeta:</span> <span class='ocrx_word' id='word_1_238' title='bbox 763 1850 872 1895; x_wconf 87' lang='lat' dir='ltr'>Cura,</span> <span class='ocrx_word' id='word_1_239' title='bbox 896 1859 1065 1902; x_wconf 84' lang='lat' dir='ltr'>tanquam</span> <span class='ocrx_word' id='word_1_240' title='bbox 1078 1864 1247 1901; x_wconf 88' lang='lat' dir='ltr'>persona,</span> <span class='ocrx_word' id='word_1_241' title='bbox 1266 1854 1313 1893; x_wconf 82' lang='lat' dir='ltr'>ei,</span> <span class='ocrx_word' id='word_1_242' title='bbox 1335 1864 1492 1902; x_wconf 80' lang='lat' dir='ltr'>peregre</span> <span class='ocrx_word' id='word_1_243' title='bbox 1519 1853 1631 1895; x_wconf 87' lang='lat' dir='ltr'>ituro,</span> 
     </span>
     <span class='ocr_line' id='line_1_28' title="bbox 244 1913 1628 1962; baseline -0.001 -11"><span class='ocrx_word' id='word_1_244' title='bbox 244 1916 435 1958; x_wconf 81' lang='lat' dir='ltr'>adhaeret,</span> <span class='ocrx_word' id='word_1_245' title='bbox 461 1915 507 1950; x_wconf 84' lang='lat' dir='ltr'>ad</span> <span class='ocrx_word' id='word_1_246' title='bbox 536 1913 632 1948; x_wconf 81' lang='lat' dir='ltr'>latus</span> <span class='ocrx_word' id='word_1_247' title='bbox 660 1915 731 1962; x_wconf 85' lang='lat' dir='ltr'>ipsi</span> <span class='ocrx_word' id='word_1_248' title='bbox 754 1923 822 1955; x_wconf 85' lang='lat' dir='ltr'>est,</span> <span class='ocrx_word' id='word_1_249' title='bbox 848 1928 930 1948; x_wconf 74' lang='lat' dir='ltr'>eum</span> <span class='ocrx_word' id='word_1_250' title='bbox 959 1914 1180 1957; x_wconf 78' lang='lat' dir='ltr'>comitatur,</span> <span class='ocrx_word' id='word_1_251' title='bbox 1214 1924 1284 1949; x_wconf 86' lang='lat' dir='ltr'>una</span> <span class='ocrx_word' id='word_1_252' title='bbox 1319 1914 1412 1950; x_wconf 87' lang='lat' dir='ltr'>adeo</span> <span class='ocrx_word' id='word_1_253' title='bbox 1447 1926 1527 1950; x_wconf 88' lang='lat' dir='ltr'>cum</span> <span class='ocrx_word' id='word_1_254' title='bbox 1562 1925 1628 1957; x_wconf 86' lang='lat' dir='ltr'>eo,</span> 
     </span>
     <span class='ocr_line' id='line_1_29' title="bbox 244 1976 1629 2026; baseline -0.003 -13"><span class='ocrx_word' id='word_1_255' title='bbox 244 1991 346 2014; x_wconf 85' lang='lat' dir='ltr'>mare</span> <span class='ocrx_word' id='word_1_256' title='bbox 366 1981 583 2026; x_wconf 75' lang='lat' dir='ltr'>trajectum,</span> <span class='ocrx_word' id='word_1_257' title='bbox 608 1985 719 2008; x_wconf 82' lang='lat' dir='ltr'>naves</span> <span class='ocrx_word' id='word_1_258' title='bbox 741 1976 904 2020; x_wconf 73' lang='lat' dir='ltr'>scandit,</span> <span class='ocrx_word' id='word_1_259' title='bbox 930 1989 1059 2011; x_wconf 88' lang='lat' dir='ltr'>navem</span> <span class='ocrx_word' id='word_1_260' title='bbox 1086 1977 1315 2012; x_wconf 83' lang='lat' dir='ltr'>conscendit.</span> <span class='ocrx_word' id='word_1_261' title='bbox 1364 1976 1442 2011; x_wconf 85' lang='lat' dir='ltr'>Jam</span> <span class='ocrx_word' id='word_1_262' title='bbox 1477 1977 1629 2026; x_wconf 86' lang='lat' dir='ltr'>quaevis</span> 
     </span>
     <span class='ocr_line' id='line_1_30' title="bbox 243 2036 1632 2081; baseline -0.002 -6"><span class='ocrx_word' id='word_1_263' title='bbox 243 2038 409 2075; x_wconf 82' lang='lat' dir='ltr'>adfectio</span> <span class='ocrx_word' id='word_1_264' title='bbox 432 2037 559 2081; x_wconf 74' lang='grc' dir='ltr'><strong><em>πάθος,</em></strong></span> <span class='ocrx_word' id='word_1_265' title='bbox 590 2040 716 2073; x_wconf 83' lang='lat' dir='ltr'>vitium</span> <span class='ocrx_word' id='word_1_266' title='bbox 739 2039 853 2072; x_wconf 85' lang='lat' dir='ltr'>animi</span> <span class='ocrx_word' id='word_1_267' title='bbox 888 2046 968 2080; x_wconf 80' lang='lat' dir='ltr'>est,</span> <span class='ocrx_word' id='word_1_268' title='bbox 1003 2039 1039 2073; x_wconf 82' lang='lat' dir='ltr'>h.</span> <span class='ocrx_word' id='word_1_269' title='bbox 1077 2036 1250 2078; x_wconf 52' lang='lat' dir='ltr'>morbum</span> <span class='ocrx_word' id='word_1_270' title='bbox 1283 2037 1347 2074; x_wconf 82' lang='lat' dir='ltr'>illa</span> <span class='ocrx_word' id='word_1_271' title='bbox 1371 2040 1465 2073; x_wconf 85' lang='lat' dir='ltr'>enim</span> <span class='ocrx_word' id='word_1_272' title='bbox 1491 2038 1632 2072; x_wconf 73' lang='lat' dir='ltr'>animus</span> 
     </span>
     <span class='ocr_line' id='line_1_31' title="bbox 244 2099 1629 2148; baseline -0.001 -13"><span class='ocrx_word' id='word_1_273' title='bbox 244 2102 479 2141; x_wconf 81' lang='lat' dir='ltr'>consumitur,</span> <span class='ocrx_word' id='word_1_274' title='bbox 506 2099 691 2136; x_wconf 84' lang='lat' dir='ltr'>exeditur.</span> <span class='ocrx_word' id='word_1_275' title='bbox 715 2099 810 2136; x_wconf 86' lang='lat' dir='ltr'>Hinc</span> <span class='ocrx_word' id='word_1_276' title='bbox 833 2101 986 2142; x_wconf 79' lang='lat' dir='ltr'>animus,</span> <span class='ocrx_word' id='word_1_277' title='bbox 1008 2102 1058 2134; x_wconf 88' lang='lat' dir='ltr'>ita</span> <span class='ocrx_word' id='word_1_278' title='bbox 1076 2099 1255 2141; x_wconf 85' lang='lat' dir='ltr'>adfectus,</span> <span class='ocrx_word' id='word_1_279' title='bbox 1276 2102 1442 2144; x_wconf 78' lang='lat' dir='ltr'>vitiosus,</span> <span class='ocrx_word' id='word_1_280' title='bbox 1470 2108 1504 2134; x_wconf 87' lang='lat' dir='ltr'>et</span> <span class='ocrx_word' id='word_1_281' title='bbox 1529 2099 1629 2148; x_wconf 86' lang='lat' dir='ltr'>ipsae</span> 
     </span>
     <span class='ocr_line' id='line_1_32' title="bbox 244 2161 1630 2212; baseline -0.002 -16"><span class='ocrx_word' id='word_1_282' title='bbox 244 2161 489 2204; x_wconf 73' lang='lat' dir='ltr'>adfectiones,</span> <span class='ocrx_word' id='word_1_283' title='bbox 512 2175 602 2212; x_wconf 78' lang='lat' dir='ltr'>quae</span> <span class='ocrx_word' id='word_1_284' title='bbox 625 2164 784 2196; x_wconf 88' lang='lat' dir='ltr'>animum</span> <span class='ocrx_word' id='word_1_285' title='bbox 805 2163 975 2197; x_wconf 85' lang='lat' dir='ltr'>vitiosum</span> <span class='ocrx_word' id='word_1_286' title='bbox 1005 2161 1163 2197; x_wconf 85' lang='lat' dir='ltr'>reddunt</span> <span class='ocrx_word' id='word_1_287' title='bbox 1185 2188 1193 2204; x_wconf 93' lang='lat'>,</span> <span class='ocrx_word' id='word_1_288' title='bbox 1215 2162 1434 2203; x_wconf 82' lang='lat' dir='ltr'>conficiunt,</span> <span class='ocrx_word' id='word_1_289' title='bbox 1456 2169 1492 2195; x_wconf 88' lang='lat' dir='ltr'>ut</span> <span class='ocrx_word' id='word_1_290' title='bbox 1514 2170 1630 2202; x_wconf 69' lang='lat' dir='ltr'>amor,</span> 
     </span>
     <span class='ocr_line' id='line_1_33' title="bbox 248 2221 1629 2272; baseline -0.001 -15"><span class='ocrx_word' id='word_1_291' title='bbox 248 2223 456 2269; x_wconf 79' lang='lat' dir='ltr'>aegritudo,</span> <span class='ocrx_word' id='word_1_292' title='bbox 484 2221 708 2272; x_wconf 83' lang='lat' dir='ltr'>cupiditates</span> <span class='ocrx_word' id='word_1_293' title='bbox 734 2232 806 2259; x_wconf 71' lang='lat' dir='ltr'>cet·</span> <span class='ocrx_word' id='word_1_294' title='bbox 831 2222 942 2260; x_wconf 85' lang='lat' dir='ltr'>docte</span> <span class='ocrx_word' id='word_1_295' title='bbox 979 2224 1137 2260; x_wconf 81' lang='lat' dir='ltr'>vitiosae</span> <span class='ocrx_word' id='word_1_296' title='bbox 1171 2224 1350 2260; x_wconf 83' lang='lat' dir='ltr'>dicuntur.</span> <span class='ocrx_word' id='word_1_297' title='bbox 1398 2221 1461 2257; x_wconf 77' lang='lat' dir='ltr'>Sin</span> <span class='ocrx_word' id='word_1_298' title='bbox 1493 2221 1629 2256; x_wconf 82' lang='lat' dir='ltr'>vitiosa</span> 
     </span>
     <span class='ocr_line' id='line_1_34' title="bbox 249 2284 1632 2333; baseline 0.001 -15"><span class='ocrx_word' id='word_1_299' title='bbox 249 2284 369 2318; x_wconf 76' lang='lat' dir='ltr'>libido</span> <span class='ocrx_word' id='word_1_300' title='bbox 394 2285 529 2319; x_wconf 87' lang='lat' dir='ltr'>Nostro</span> <span class='ocrx_word' id='word_1_301' title='bbox 550 2293 603 2320; x_wconf 82' lang='lat' dir='ltr'>est</span> <span class='ocrx_word' id='word_1_302' title='bbox 623 2285 716 2333; x_wconf 84' lang='lat' dir='ltr'>Epp.</span> <span class='ocrx_word' id='word_1_303' title='bbox 744 2287 771 2321; x_wconf 85' lang='grc' dir='ltr'>Ι.</span> <span class='ocrx_word' id='word_1_304' title='bbox 799 2296 829 2321; x_wconf 86' lang='grc'>1.</span> <span class='ocrx_word' id='word_1_305' title='bbox 854 2291 911 2326; x_wconf 91' lang='grc'>85.</span> <span class='ocrx_word' id='word_1_306' title='bbox 936 2296 972 2323; x_wconf 90' lang='lat' dir='ltr'>et</span> <span class='ocrx_word' id='word_1_307' title='bbox 996 2288 1033 2322; x_wconf 85' lang='lat' dir='ltr'>h.</span> <span class='ocrx_word' id='word_1_308' title='bbox 1060 2287 1084 2322; x_wconf 88' lang='lat' dir='ltr'>l.</span> <span class='ocrx_word' id='word_1_309' title='bbox 1109 2287 1207 2321; x_wconf 86' lang='lat' dir='ltr'>Cura</span> <span class='ocrx_word' id='word_1_310' title='bbox 1237 2285 1389 2320; x_wconf 78' lang='lat' dir='ltr'>vitiosa.</span> <span class='ocrx_word' id='word_1_311' title='bbox 1424 2285 1556 2320; x_wconf 84' lang='lat' dir='ltr'>Nescio</span> <span class='ocrx_word' id='word_1_312' title='bbox 1580 2293 1632 2319; x_wconf 88' lang='lat' dir='ltr'>ta-</span> 
     </span>
     <span class='ocr_line' id='line_1_35' title="bbox 251 2346 1632 2391; baseline -0.001 -8"><span class='ocrx_word' id='word_1_313' title='bbox 251 2358 349 2387; x_wconf 80' lang='lat' dir='ltr'>men,</span> <span class='ocrx_word' id='word_1_314' title='bbox 378 2357 422 2379; x_wconf 77' lang='lat' dir='ltr'>an</span> <span class='ocrx_word' id='word_1_315' title='bbox 444 2346 532 2380; x_wconf 84' lang='lat' dir='ltr'>satis</span> <span class='ocrx_word' id='word_1_316' title='bbox 559 2346 751 2381; x_wconf 71' lang='lat' dir='ltr'>commode</span> <span class='ocrx_word' id='word_1_317' title='bbox 775 2347 813 2381; x_wconf 78' lang='lat' dir='ltr'>h·</span> <span class='ocrx_word' id='word_1_318' title='bbox 836 2348 864 2385; x_wconf 84' lang='lat' dir='ltr'>l.</span> <span class='ocrx_word' id='word_1_319' title='bbox 886 2351 935 2384; x_wconf 87' lang='lat' dir='ltr'>ita</span> <span class='ocrx_word' id='word_1_320' title='bbox 957 2350 1053 2386; x_wconf 85' lang='lat' dir='ltr'>dicta</span> <span class='ocrx_word' id='word_1_321' title='bbox 1081 2353 1155 2391; x_wconf 87' lang='lat' dir='ltr'>sit·‚</span> <span class='ocrx_word' id='word_1_322' title='bbox 1179 2348 1393 2385; x_wconf 76' lang='lat' dir='ltr'>abda-:imur</span> <span class='ocrx_word' id='word_1_323' title='bbox 1417 2350 1513 2384; x_wconf 85' lang='lat' dir='ltr'>enim</span> <span class='ocrx_word' id='word_1_324' title='bbox 1535 2349 1587 2382; x_wconf 78' lang='lat' dir='ltr'>sic</span> <span class='ocrx_word' id='word_1_325' title='bbox 1610 2360 1632 2382; x_wconf 86' lang='lat' dir='ltr'>a</span> 
     </span>
     <span class='ocr_line' id='line_1_36' title="bbox 249 2405 1628 2455; baseline 0.003 -16"><span class='ocrx_word' id='word_1_326' title='bbox 249 2417 408 2454; x_wconf 82' lang='lat' dir='ltr'>persona</span> <span class='ocrx_word' id='word_1_327' title='bbox 429 2405 472 2440; x_wconf 87' lang='lat' dir='ltr'>ad</span> <span class='ocrx_word' id='word_1_328' title='bbox 500 2419 575 2441; x_wconf 89' lang='lat' dir='ltr'>rem</span> <span class='ocrx_word' id='word_1_329' title='bbox 598 2407 850 2453; x_wconf 73' lang='lat' dir='ltr'>significatam.</span> <span class='ocrx_word' id='word_1_330' title='bbox 878 2429 922 2435; x_wconf 85' lang='lat'>—</span> <span class='ocrx_word' id='word_1_331' title='bbox 945 2415 1112 2455; x_wconf 78' lang='lat' dir='ltr'>aeratas,</span> <span class='ocrx_word' id='word_1_332' title='bbox 1139 2424 1222 2447; x_wconf 86' lang='lat' dir='ltr'>aere</span> <span class='ocrx_word' id='word_1_333' title='bbox 1237 2412 1407 2451; x_wconf 80' lang='lat' dir='ltr'>munitas.</span> <span class='ocrx_word' id='word_1_334' title='bbox 1431 2416 1628 2453; x_wconf 52' lang='lat' dir='ltr'>rostratam</span> 
     </span>
     <span class='ocr_line' id='line_1_37' title="bbox 248 2469 1633 2522; baseline -0.001 -22"><span class='ocrx_word' id='word_1_335' title='bbox 248 2474 367 2501; x_wconf 67' lang='lat' dir='ltr'>ornet.</span> <span class='ocrx_word' id='word_1_336' title='bbox 393 2484 439 2493; x_wconf 90' lang='lat'>—</span> <span class='ocrx_word' id='word_1_337' title='bbox 459 2475 517 2501; x_wconf 85' lang='lat'>22.</span> <span class='ocrx_word' id='word_1_338' title='bbox 541 2481 602 2502; x_wconf 85' lang='lat' dir='ltr'>seu</span> <span class='ocrx_word' id='word_1_339' title='bbox 626 2477 724 2503; x_wconf 85' lang='lat' dir='ltr'>terra</span> <span class='ocrx_word' id='word_1_340' title='bbox 745 2472 814 2503; x_wconf 81' lang='lat' dir='ltr'>iter</span> <span class='ocrx_word' id='word_1_341' title='bbox 839 2470 962 2513; x_wconf 87' lang='lat' dir='ltr'>saciat,</span> <span class='ocrx_word' id='word_1_342' title='bbox 992 2474 1164 2508; x_wconf 82' lang='lat' dir='ltr'>continuo</span> <span class='ocrx_word' id='word_1_343' title='bbox 1182 2486 1263 2508; x_wconf 81' lang='lat' dir='ltr'>eum</span> <span class='ocrx_word' id='word_1_344' title='bbox 1277 2474 1454 2522; x_wconf 83' lang='lat' dir='ltr'>sequitur.</span> <span class='ocrx_word' id='word_1_345' title='bbox 1472 2469 1633 2502; x_wconf 79' lang='lat' dir='ltr'>Turmas</span> 
     </span>
     <span class='ocr_line' id='line_1_38' title="bbox 248 2528 1633 2581; baseline -0.001 -18"><span class='ocrx_word' id='word_1_346' title='bbox 248 2535 414 2563; x_wconf 84' lang='lat' dir='ltr'>catervas</span> <span class='ocrx_word' id='word_1_347' title='bbox 445 2528 639 2574; x_wconf 81' lang='lat' dir='ltr'>equitum,</span> <span class='ocrx_word' id='word_1_348' title='bbox 673 2532 816 2572; x_wconf 84' lang='lat' dir='ltr'>equites</span> <span class='ocrx_word' id='word_1_349' title='bbox 851 2544 927 2567; x_wconf 84' lang='lat' dir='ltr'>non</span> <span class='ocrx_word' id='word_1_350' title='bbox 961 2533 1158 2581; x_wconf 78' lang='lat' dir='ltr'>relinquit,</span> <span class='ocrx_word' id='word_1_351' title='bbox 1186 2532 1314 2570; x_wconf 75' lang='lat' dir='ltr'>eadem</span> <span class='ocrx_word' id='word_1_352' title='bbox 1338 2532 1529 2568; x_wconf 84' lang='lat' dir='ltr'>celeritate</span> <span class='ocrx_word' id='word_1_353' title='bbox 1552 2541 1633 2565; x_wconf 74' lang='lat' dir='ltr'>oum</span> 
     </span>
     <span class='ocr_line' id='line_1_39' title="bbox 248 2588 1628 2646; baseline 0.006 -27"><span class='ocrx_word' id='word_1_354' title='bbox 248 2588 295 2622; x_wconf 79' lang='lat' dir='ltr'>iis</span> <span class='ocrx_word' id='word_1_355' title='bbox 315 2588 423 2635; x_wconf 79' lang='lat' dir='ltr'>fugit,</span> <span class='ocrx_word' id='word_1_356' title='bbox 446 2598 625 2640; x_wconf 86' lang='lat' dir='ltr'>exaequat</span> <span class='ocrx_word' id='word_1_357' title='bbox 662 2592 821 2639; x_wconf 78' lang='lat' dir='ltr'>ipsorum</span> <span class='ocrx_word' id='word_1_358' title='bbox 853 2605 995 2628; x_wconf 80' lang='lat' dir='ltr'>cursum</span> <span class='ocrx_word' id='word_1_359' title='bbox 1030 2598 1203 2646; x_wconf 75' lang='lat' dir='ltr'>quamvis‘</span> <span class='ocrx_word' id='word_1_360' title='bbox 1233 2595 1530 2633; x_wconf 77' lang='lat' dir='ltr'>velocissimum,</span> <span class='ocrx_word' id='word_1_361' title='bbox 1557 2602 1628 2624; x_wconf 85' lang='lat' dir='ltr'>non</span> 
     </span>
     <span class='ocr_line' id='line_1_40' title="bbox 247 2647 1635 2708; baseline 0 -25"><span class='ocrx_word' id='word_1_362' title='bbox 247 2647 518 2687; x_wconf 78' lang='lat' dir='ltr'>defetiscendo.</span> <span class='ocrx_word' id='word_1_363' title='bbox 568 2649 647 2687; x_wconf 82' lang='lat' dir='ltr'>Jarn</span> <span class='ocrx_word' id='word_1_364' title='bbox 671 2653 829 2700; x_wconf 80' lang='lat' dir='ltr'>equites,</span> <span class='ocrx_word' id='word_1_365' title='bbox 853 2655 941 2702; x_wconf 77' lang='lat' dir='ltr'>equi</span> <span class='ocrx_word' id='word_1_366' title='bbox 958 2667 1107 2706; x_wconf 68' lang='lat' dir='ltr'>possunt</span> <span class='ocrx_word' id='word_1_367' title='bbox 1132 2658 1352 2708; x_wconf 71' lang='lat' dir='ltr'>:impliciter</span> <span class='ocrx_word' id='word_1_368' title='bbox 1387 2652 1544 2689; x_wconf 81' lang='lat' dir='ltr'>navibus</span> <span class='ocrx_word' id='word_1_369' title='bbox 1578 2650 1635 2684; x_wconf 81' lang='lat' dir='ltr'>vi-</span> 
     </span>
    </p>
   </div>
   <div class='ocr_carea' id='block_1_5' title="bbox 1725 1979 1748 2273">
    <p class='ocr_par' dir='ltr' id='par_1_6' title="bbox 1725 1979 1748 2273">
     <span class='ocr_line' id='line_1_41' title="bbox 1725 1979 1748 2273; textangle 90"><span class='ocrx_word' id='word_1_370' title='bbox 1728 2152 1743 2273; x_wconf 43' lang='grc' dir='ltr'>«θεν-σφω</span> <span class='ocrx_word' id='word_1_371' title='bbox 1725 2056 1743 2139; x_wconf 57' lang='lat' dir='ltr'>nsan-</span> <span class='ocrx_word' id='word_1_372' title='bbox 1741 2040 1748 2046; x_wconf 60' lang='grc'><strong>,</strong></span> <span class='ocrx_word' id='word_1_373' title='bbox 1732 2015 1746 2028; x_wconf 50' lang='lat'>5·</span> <span class='ocrx_word' id='word_1_374' title='bbox 1727 1979 1735 1984; x_wconf 73' lang='grc'><em>“</em></span> 
     </span>
    </p>
   </div>
  </div>
 </body>
</html>
