1779 3085
660 222 1028 266 „509-

146 338 513 387 individuum,
561 334 892 386 Romanum,
955 332 1317 381 domesticum.
1387 339 1533 395 Quae

147 405 354 464 quidem
394 403 570 452 ratio,
606 414 764 458 quam
796 414 955 457 saepe
983 407 1176 457 poetae
1218 404 1392 447 verbis
1430 406 1533 447 vim

131 469 357 531 faciat,
396 469 573 525 reique
617 465 944 525 dignitatem
990 468 1190 520 elevet,
1241 483 1399 528 qaum
1440 486 1537 526 per

144 553 195 580 se
222 535 612 593 intelligatur,
649 533 820 576 nzulto
852 538 1032 576 tamen
1073 535 1255 593 magis
1284 538 1539 579 constitu-

148 620 264 646 rum
299 601 547 644 arbitror
583 596 682 651 iis,
735 599 827 657 qui
850 605 1139 643 contortas
1183 600 1409 644 istorum
1453 617 1541 644 esc-

146 666 394 727 plicancli
419 665 666 708 rationes
703 665 971 722 inspicere
1010 665 1212 709 volent.
1269 667 1409 729 Quin
1434 668 1539 710 alii

144 751 200 778 eo
242 732 453 789 delapsi
496 737 653 782 sunt,
695 736 753 773 ut
790 731 1089 792 imagines,
1136 732 1328 791 quibus
1353 736 1542 777 Forta-

141 815 243 845 nae
291 803 533 861 potestas
581 796 934 872 declaratur,
1003 815 1027 842 e
1075 799 1297 855 pictura
1348 800 1539 859 aliqua

141 866 447 924 symbolica
468 895 480 916 ,
519 862 677 907 Antii
704 864 761 906 in
792 866 1069 908 Fortunae
1099 864 1296 921 templo
1326 879 1543 923 suspen-

139 949 228 982 sa,
266 948 297 976 a
333 937 494 990 poeta
537 945 733 985 patum
763 931 959 974 subti'lz
979 929 1200 990 judicio
1240 929 1543 989 descriptas

141 999 370 1042 adumbt
375 1003 602 1055 alasque
640 988 1047 1055 satisjidentei
1083 1001 1542 1054 pronuntiarent,

140 1063 413 1122 hujusque
442 1062 720 1119 opzmnzonzs
743 1077 926 1118 praes
919 1064 1081 1106 ¹“cltum
1120 1078 1152 1106 a
1186 1064 1544 1108 Necessitatis

138 1131 380 1190 imagine
409 1128 719 1187 symbolica
758 1134 1082 1185 repeterent.
1154 1129 1285 1173 ιΙαιη
1331 1133 1432 1174 etsi
1467 1137 1545 1174 at-

139 1197 347 1240 tributa
406 1193 748 1253 symbolica,
798 1201 859 1237 ut
899 1196 1320 1252 persp-‘cm‘tati‚
1382 1195 1545 1254 cujus

137 1262 380 1307 maxima
409 1259 660 1304 habenda
689 1266 765 1303 est
792 1263 966 1314 ratio,
1006 1262 1346 1312 consulatur,
1373 1279 1404 1306 a
1432 1278 1547 1320 per-

137 1329 287 1372 sonis
333 1326 660 1387 allegoricis
701 1327 885 1370 abesse
925 1329 1022 1369 vix
1071 1340 1257 1385 posse,
1300 1328 1547 1372 multum-

139 1409 236 1453 que
283 1407 374 1445 ea,
420 1395 467 1436 si
506 1393 681 1435 ideam
726 1406 996 1448 personae
1043 1392 1352 1451 subjectam
1397 1394 1547 1437 lzaud

138 1460 391 1518 ambigue
451 1458 802 1518 exprimant,
859 1460 1251 1503 delectationis
1315 1456 1545 1518 adferre

80 1577 82 1580 ,
137 1525 328 1569 lubens
364 1525 624 1585 largiar,-
677 1524 860 1568 eadem
908 1531 1089 1568 tamen
1128 1526 1303 1583 poetis
1343 1540 1546 1585 quoque

137 1590 363 1636 concedi
397 1586 795 1648 deberefaci'le
828 1592 964 1635 milii
990 1592 1197 1636 dabunt
1235 1592 1305 1644 ii,
1345 1593 1436 1651 qui
1463 1607 1551 1649 po-

139 1664 255 1701 etas
293 1657 532 1701 maxime
570 1656 628 1698 in
673 1658 772 1700 leoc
824 1658 1063 1700 intentos
1086 1689 1098 1711 ,
1136 1664 1193 1700 ut
1223 1672 1308 1702 res
1330 1655 1549 1716 formis

142 1737 432 1782 expressas
477 1722 865 1782 animatasque
907 1724 1081 1767 oculis
1116 1737 1287 1779 paene
1324 1722 1551 1781 subjici-

148 1796 279 1843 ant,
315 1804 513 1847 suoque
538 1790 637 1830 laoc
666 1792 927 1845 optimum
956 1786 1360 1847 quemquejure
1397 1804 1551 1831 usum

148 1870 262 1898 esse
304 1855 671 1898 meminerint.
742 1857 814 1896 At
866 1853 1180 1905 elegantiae
1217 1867 1436 1905 sensus,
1476 1854 1553 1896 in-

140 1920 365 1979 quiunt,
404 1921 507 1962 lzac
534 1918 828 1961 attributis
859 1918 1023 1960 nimis
1053 1923 1286 1962 onerata
1315 1919 1554 1964 Necessi-

143 1988 278 2029 tatis
314 1985 559 2045 imagine
601 1980 930 2045 offenditur·
999 1984 1176 2028 Recte.
1232 1986 1335 2028 Sed
1377 1985 1551 2029 multo

138 2051 319 2112 magis
345 2066 458 2095 eum
489 2047 758 2113 qffensum
791 2052 870 2093 iri
894 2062 1185 2108 persuasus
1205 2066 1336 2103 sum,
1358 2053 1406 2095 si
1433 2067 1554 2095 ocu-

141 2119 216 2162 lis
255 2133 316 2160 ea
344 2116 744 2176 subjiceretur,
782 2118 895 2169 ita,
935 2120 994 2157 ut
1030 2117 1211 2160 alteru
1241 2133 1408 2161 manu
1445 2118 1554 2161 ela-

140 2199 236 2227 vos
280 2183 529 2227 trabales
565 2187 616 2224 et
652 2196 888 2225 cuneos.-
928 2181 1115 2225 altera
1144 2198 1363 2235 uncum,
1402 2190 1450 2227 et
1489 2183 1555 2227 li-

139 2248 360 2309 quidum
418 2249 696 2306 plumbum
755 2252 1031 2308 gestaret.
1115 2249 1365 2294 Monstri
1419 2264 1553 2294 sane

139 2316 365 2374 speciem
393 2316 494 2358 tibi
517 2313 789 2375 objectam
814 2314 1088 2359 clamares
1107 2333 1121 2358 .·
1154 2315 1396 2368 alzeneis‚
1425 2323 1555 2359 tam-

145 2397 244 2441 que
283 2397 342 2424 cr
347 2397 490 2425 assis
537 2381 848 2438 praeditam
896 2381 1184 2434 manibus,
1222 2397 1358 2439 quae
1397 2387 1554 2426 tanto

138 2446 376 2506 pondere
401 2463 508 2491 non
532 2454 863 2506 graventur.
941 2445 1012 2488 Ut
1042 2451 1290 2500 taceam,
1325 2446 1557 2491 attribu-

140 2520 199 2558 ta
243 2520 352 2556 tum
396 2514 601 2558 demum
651 2514 814 2557 ni'mzs
862 2512 1148 2557 cumulata
1210 2512 1416 2564 videri,
1461 2514 1556 2556 ubl

118 2590 329 2636 omnia
367 2593 472 2623 uno
519 2579 740 2633 obtutu,
796 2585 854 2623 ut
878 2571 963 2642 fit
1002 2579 1058 2621 in
1093 2579 1356 2636 pictura,
1392 2579 1556 2622 simul

144 2651 484 2700 cernuntur,
537 2660 602 2689 ac
641 2645 697 2687 in
725 2645 829 2690 liae
865 2645 1144 2701 plumbum
1193 2639 1554 2702 liquefactum

143 2725 208 2756 ne
246 2712 522 2759 commoda
572 2711 781 2770 quidem
826 2711 1043 2756 ratione
1093 2709 1341 2769 exprimi
1384 2725 1551 2767 posse.
