1779 3085
661 262 717 272 ...-
808 251 891 295 297
982 264 1038 272 -.

134 357 369 404 deorumque
388 358 480 398 iras,
511 364 546 391 ut
573 356 622 389 ait
649 355 791 390 Seneca
810 354 899 388 Nat.
939 353 1093 399 Quaest.
1130 353 1175 387 V.
1214 363 1305 391 extr,
1344 358 1447 392 itum
1480 363 1550 393 est,

137 421 278 455 Eadem
305 421 350 455 de
375 432 486 455 causa
513 418 628 451 maria
667 415 879 463 horninibus
912 417 1114 466 praeclusa
1151 418 1401 466 putabantur,
1440 436 1552 473 quum

138 498 248 519 naves
278 484 381 519 lucro
405 490 542 516 tanturn
570 479 761 520 faciendo,
792 479 893 514 luxui
916 478 1081 528 parando
1107 480 1394 532 nutriendoque,
1418 481 1548 517 bellis.

137 562 208 600 que,
238 548 283 582 ud
307 555 474 583 externas
498 547 668 592 regiones
698 541 965 578 transferendis
979 543 1213 593 miseriisque
1236 541 1332 577 adeo
1358 543 1550 580 hominum

142 610 319 660 augendis
346 611 452 644 unic-e
480 616 625 657 paratas
654 607 836 643 viderent.
890 607 986 642 Hinc
1008 607 1169 652 graviter
1194 604 1339 642 Seneca
1366 606 1394 641 l.
1420 606 1444 640 l.
1468 607 1555 641 Notz

137 673 267 707 eadem
288 676 344 705 est
366 672 428 704 his
455 675 491 703 et
511 669 595 704 illis
618 681 736 704 causa
762 668 959 703 solvendi.-
990 669 1060 701 sed
1073 668 1180 711 justa
1211 667 1325 704 nulli.
1377 667 1557 703 Diversis

136 736 237 768 enim
264 733 526 767 irritamentis
551 734 605 767 ad
628 732 861 766 tentandum
884 734 960 766 iter
984 731 1242 777 impellimur.
1301 731 1446 778 Utique
1484 733 1558 765 ali·

139 797 203 830 cui
227 796 320 831 vitio
344 796 567 842 navigatur.
621 797 742 847 Atque
770 796 865 830 hanc
893 796 1073 829 rationem
1100 802 1247 829 secutus
1280 797 1428 831 videtur
1465 795 1502 830 h.
1532 794 1559 830 l.

145 868 252 907 poeta
271 874 279 900 ;
301 874 397 900 mim,
424 874 516 911 quae
544 864 578 893 in
607 861 830 895 contrariam
852 867 996 908 partem
1025 866 1128 894 recte
1154 857 1338 904 disputari
1377 867 1559 908 possunt,

140 929 309 957 naturam
333 924 507 958 nimirum
532 927 612 973 ipso
639 926 729 958 mari
756 923 936 959 interfuso
963 922 1191 958 comniercia
1216 920 1408 957 hominum
1434 919 1563 956 suble-

139 998 253 1028 vasse,
278 990 486 1031 ventosque
510 985 661 1019 dedisse
688 986 847 1029 (Seneca
878 985 906 1021 l.
932 985 977 1028 l.)
1019 984 1071 1017 ad
1108 983 1299 1018 ulteriora
1339 981 1560 1022 noscenda,

136 1051 254 1088 utque
276 1048 483 1082 commoda
510 1051 692 1095 cujusque
723 1049 894 1095 regionis
911 1047 1054 1094 fierint
1090 1044 1339 1083 communia3
1364 1044 1472 1083 haec,
1508 1048 1562 1078 in-

141 1123 266 1160 quam,
294 1110 340 1145 ab
367 1114 445 1157 ejus
469 1111 627 1147 consilio
653 1124 832 1162 perquam
856 1111 980 1145 aliena
1009 1117 1127 1144 erant.
1157 1108 1308 1143 Frustra
1329 1110 1438 1156 igitur
1450 1104 1564 1140 Deus

147 1174 200 1206 vis
226 1172 289 1206 illa
319 1172 460 1215 divina,
487 1186 582 1224 quae
605 1172 873 1208 elementorum
896 1172 1067 1207 ordinem
1106 1171 1347 1221 disponeret,
1376 1179 1411 1206 et
1452 1183 1561 1204 suum

148 1236 283 1286 cuique
313 1235 435 1270 locum
456 1236 667 1283 adsignaret
691 1232 777 1280 (Sic
802 1233 915 1272 effere
944 1235 1066 1271 soient
1093 1242 1255 1275 veteres,
1292 1235 1327 1268 in
1367 1245 1560 1279 cosmogo-

145 1299 214 1330 niis
248 1298 524 1343 describendis,
555 1299 638 1334 aliis
663 1299 774 1334 aliam
808 1299 894 1332 huie
919 1296 1105 1332 vocabulo
1137 1297 1330 1331 notionem
1357 1295 1564 1341 subiicien-

147 1359 254 1393 tibus.
282 1359 394 1406 Qvid.
422 1359 516 1394 Met.
541 1360 571 1393 Ι.
596 1370 654 1395 21.
681 1360 796 1392 Hane
819 1360 930 1400 Deus,
952 1362 991 1391 et
1018 1355 1159 1411 meiior
1191 1357 1303 1391 litem
1333 1362 1477 1391 natura
1506 1357 1563 1391 di-

141 1422 272 1454 remit.
295 1430 330 1455 et
362 1435 395 1455 v·
417 1421 475 1457 32.
503 1418 566 1454 Sic
590 1420 655 1455 ubi
673 1417 922 1467 dispositam,
950 1411 1117 1472 quisquis
1154 1418 1225 1454 suit
1264 1419 1332 1455 ille
1377 1421 1562 1455 Deorum»⁴

139 1483 364 1530 congeriem
389 1483 541 1525 secuit.)
566 1501 611 1509 —
633 1475 796 1517 abs'cidit
822 1489 947 1517 terras
973 1497 995 1518 a
1017 1485 1145 1526 terris,
1187 1483 1365 1526 diremit,
1399 1478 1566 1532 se'j'unxit

142 1556 274 1588 terras,
303 1548 522 1596 interposito
553 1546 730 1589 Ocelum,
756 1550 863 1582 mari.
892 1547 1115 1583 Ouwensius
1145 1547 1189 1580 V.
1229 1547 1289 1583 Cl.
1313 1535 1426 1581 No'ot.
1464 1546 1563 1592 Hag-

144 1609 172 1647 Ι,
203 1612 258 1656 14.
283 1609 475 1658 jungebat,
499 1609 664 1650 abscidit,
691 1617 719 1644 t.
747 1610 914 1652 Oceano,
939 1611 976 1647 h.
1001 1610 1048 1645 ab
1079 1611 1244 1647 Oceano.
1277 1610 1438 1646 laudatis
1467 1611 1564 1644 hane

141 1675 176 1706 in
212 1686 288 1708 rem
314 1672 426 1708 Ovid.
453 1672 550 1710 Met.
574 1672 602 1707 I.
631 1683 689 1710 22.
715 1673 820 1708 Nam
843 1675 948 1709 caelo
985 1679 1135 1716 terras,
1172 1678 1210 1707 et
1244 1672 1362 1707 terris
1399 1670 1566 1706 abscidit

141 1733 265 1769 undas
287 1743 322 1769 et
347 1750 380 1770 v.
403 1745 464 1781 25.
493 1734 719 1772 Dissociata
744 1737 841 1772 locis
864 1735 1049 1773 concordi
1081 1748 1176 1774 vace
1217 1734 1374 1781 ligavit.
1415 1733 1490 1769 Sed
1526 1735 1565 1769 in

143 1800 264 1845 priore
287 1798 373 1834 loco
399 1799 547 1834 diversa
569 1813 723 1850 prorsus
751 1802 844 1836 ratio
866 1809 919 1836 est
940 1813 953 1842 ς
981 1814 1066 1836 nam
1094 1799 1145 1834 ibi
1174 1798 1220 1835 de
1234 1800 1449 1838 elementis,
1465 1809 1562 1848 quae

143 1860 264 1894 adhuc
290 1861 442 1896 confusa
469 1871 588 1904 erant,
623 1877 693 1898 non
718 1862 964 1913 disponendis
989 1862 1053 1897 sed
1083 1870 1224 1896 tantum
1246 1873 1320 1896 ase
1346 1860 1565 1906 disjungen-

148 1923 210 1958 dis
239 1925 386 1971 agitur;
414 1924 448 1958 in
473 1925 593 1960 altero
619 1938 707 1960 vero
732 1926 883 1959 omnino
924 1926 1111 1960 contraria
1149 1927 1228 1972 ejus
1267 1924 1432 1973 opinioni
1470 1924 1567 1956 inest

144 1987 341 2030 sententia,
368 1987 557 2029 nimirum,
581 1985 704 2021 Deum
735 1985 800 2021 lite
830 1987 899 2020 ista
925 1998 989 2020 seu
1014 1985 1233 2021 confusione
1247 1985 1409 2026 sublata,
1432 1997 1564 2034 pacem

147 2051 243 2084 inter
267 2062 309 2084 ea
336 2051 603 2098 composuisse,
632 2049 668 2082 h.
691 2047 851 2084 alterurn
875 2049 985 2084 alteri
1012 2048 1226 2094 adjunxisse
1267 2050 1340 2084 etsi
1375 2048 1467 2083 locis
1506 2060 1567 2082 se-

145 2116 282 2159 iuncta.
335 2108 565 2144 Abscissum
591 2123 734 2155 aequor
767 2110 1036 2146 animantibus
1072 2113 1109 2147 h.
1144 2110 1359 2148 horninibus
1391 2125 1409 2145 e
1448 2109 1566 2144 nostri

146 2176 230 2210 loeo
255 2175 376 2224 posuit
403 2174 495 2208 Stat.
538 2172 631 2208 silv.
673 2173 741 2208 111.
767 2184 803 2210 2.
839 2176 897 2212 61.
941 2175 1134 2209 mundum
1172 2175 1389 2219 disseptum
1419 2172 1566 2208 Seneca

147 2237 255 2272 Med.
279 2247 362 2280 335.
383 2257 433 2263 —
460 2236 526 2272 Oc.
551 2236 804 2280 dissociabili,
833 2239 944 2273 docte
969 2253 1052 2288 pro,
1083 2240 1146 2290 qui
1171 2246 1289 2273 terras
1327 2237 1566 2277 dissociaret,

149 2300 398 2349 disjungeret,
426 2309 630 2349 separaret,
654 2301 775 2335 activo
794 2313 920 2342 sensu,
949 2315 993 2337 v.
1013 2301 1161 2336 Gesner
1188 2300 1223 2334 h.
1252 2300 1277 2334 l.
1316 2306 1352 2334 et
1388 2297 1566 2332 Ouwens.

150 2363 179 2399 l.
202 2361 226 2396 l.
252 2361 368 2408 Copia
399 2375 488 2397 vero
516 2364 664 2411 poetioa
689 2362 877 2409 adjectum
910 2371 999 2412 puta
1032 2362 1105 2398 hoo
1128 2363 1336 2413 epitheton.
1376 2375 1412 2397 v.
1454 2358 1566 2394 Obss.

134 2429 195 2452 '--
219 2424 413 2465 Prudens,
440 2424 613 2474 prudenti
640 2426 812 2468 consilio,
839 2427 901 2477 qui
926 2424 1184 2476 providisset,
1227 2434 1363 2476 quanta
1401 2424 1488 2459 inde
1530 2425 1565 2457 in

150 2501 263 2535 genus
288 2488 486 2522 humanum
512 2488 609 2523 mala
633 2487 884 2523 redundatura
908 2484 1079 2524 fuissent.
1101 2478 1271 2523 ‘Eodem
1299 2499 1409 2535 sensu
1451 2485 1566 2536 Sene-

150 2563 194 2585 ca
218 2552 241 2584 1.
267 2550 294 2585 l.
321 2549 512 2583 mundum
539 2556 644 2585 vocat
668 2547 760 2582 bene
782 2551 818 2584 h.
844 2548 942 2586 bono
966 2563 1011 2587 ac
1033 2550 1207 2601 prudenti
1237 2548 1395 2586 consilio
1419 2548 1568 2591 dissep-

151 2619 249 2648 tum.
277 2632 319 2639 —
350 2622 406 2654 23.
434 2612 494 2648 vel
516 2613 570 2647 sie
595 2621 717 2648 tamen
743 2613 839 2650 sines
861 2628 882 2650 a
907 2615 989 2652 Deo
1011 2618 1230 2652 constitutos
1255 2618 1414 2663 migrant
1445 2615 1564 2649 horni-

151 2689 230 2718 nes,
251 2684 441 2726 terrasque
465 2676 557 2710 mari
577 2678 761 2723 sejunctas
785 2679 933 2713 navium
947 2680 1180 2714 commercio
1195 2682 1438 2726 conjungunt.
1466 2676 1566 2711 Hinc

158 2741 258 2772 rates
281 2737 427 2783 impiae
454 2739 632 2785 graviter,
656 2751 750 2788 quae
773 2739 844 2775 Dei
870 2739 1066 2777 consilium
1090 2749 1326 2791 pervertunt,
1368 2749 1405 2778 et
1443 2738 1567 2782 vada,
