1779 3085
702 229 1078 279 -526--

208 339 352 378 Eceles.
379 342 460 386 87¹.
484 339 522 376 τΙ
535 341 613 375 ποτ’
639 334 753 389 ἔνδρες
778 342 841 386 οὐχ
869 339 1026 385 ἥξουσιν,
1063 354 1128 389 upa
1156 339 1186 376 δ’
1221 334 1259 382 ἧν
1293 334 1412 379 πάλαι.
1447 343 1581 382 Senem

206 402 311 439 Med.
335 412 409 438 ιιι.
438 401 676 448 Multffidam
688 404 774 447 jam
796 407 943 449 tempus
966 409 1048 438 erat
1066 403 1290 438 succendere
1312 404 1460 449 pinum,
1497 407 1582 442 Pro.

205 471 302 513 pert.
327 461 376 497 11.
392 469 424 501 8.
445 462 501 499 16.
528 462 664 509 magni
688 474 788 497 nunc
807 468 890 498 erat
917 463 996 498 oris
1019 476 1127 510 opus,
1151 465 1213 501 ubi
1236 479 1268 501 v.
1295 464 1461 502 Broukh.
1477 465 1582 503 Idem

206 523 355 573 elegans
377 536 460 560 usus
481 526 635 574 particc.
661 524 805 559 dudum
827 534 861 561 et
878 525 1130 569 jamdudum,
1156 541 1190 562 v.
1215 539 1248 561 c.
1275 525 1384 562 ovid.
1402 528 1450 562 A.
1473 526 1518 563 A.
1531 521 1583 565 ῙῘ.

207 595 287 629 457.
325 585 490 620 Candida
514 584 746 631 jamdudum
777 587 985 632 cingantur
1009 588 1107 623 colla
1138 588 1305 621 lacertis.
1334 585 1420 621 Tib.-
1453 585 1524 621 ΙΙΙ.
1548 587 1587 623 6ο

206 650 265 693 63.
290 648 523 683 Iamdudum
550 646 664 696 Syrio
689 648 926 694 madefactus
950 655 1123 696 tempora
1146 648 1265 682 nardo
1290 646 1493 682 debueram
1513 650 1589 680 s'era·

208 710 261 744 tis
285 708 519 758 implicuisse
537 719 681 746 comas.
705 708 782 744 Alii
803 712 1005 757 graecismo
1034 723 1110 747 rem
1132 709 1348 760 expediunt,
1374 721 1504 757 parum
1524 719 1589 757 op·

204 778 382 818 portum-3⁴,
408 769 578 804 arbitror.

299 840 334 863 v.
361 838 380 870 5
409 840 488 875 sqq.
516 828 626 873 Quod
651 837 782 873 antea,
803 842 877 880 rep.
904 832 940 865 in
965 844 1143 875 summum
1173 831 1369 867 discrimen
1404 829 1589 873 adducta,

207 900 250 923 ηε
270 900 334 931 ιιε,
372 889 523 937 impium
552 889 705 931 suisset,
745 892 864 925 civem
895 887 1100 926 Romanum
1131 892 1375 928 dedecuisset.
1426 890 1497 926 Pro
1520 891 1590 927 hac

207 950 345 998 vulgari
377 939 593 985 transeundi
615 948 734 984 forma
757 949 865 984 docte
882 957 991 998 poeta
1011 954 1229 987 sententiam
1255 953 1418 1001 priorum
1434 965 1493 988 vv.
1515 951 1590 987 alia.

206 1007 292 1049 idea
323 1009 501 1062 speciali,
538 1022 607 1061 qua
639 1011 750 1046 vitam
781 1010 976 1053 jucundam
999 1012 1035 1046 in
1069 1023 1202 1057 genere
1235 1011 1430 1059 designat,
1458 1014 1591 1048 iterum

208 1078 472 1122 repraesentat.
526 1070 733 1106 Caecubum
767 1084 836 1121 pro
867 1073 996 1124 quovis
1033 1071 1207 1108 nobiliori
1235 1074 1342 1114 vino,
1377 1072 1477 1123 quod
1498 1071 1605 1109 adeo·

205 1135 299 1170 festa
318 1142 454 1169 tantum
477 1132 559 1169 luce
585 1130 760 1175 bibatur,
785 1138 980 1181 repostum
1003 1133 1190 1181 adfestas
1214 1132 1330 1180 dapes
1354 1132 1399 1166 V.
1426 1144 1460 1179 9.
1486 1145 1516 1166 ι.
1540 1133 1595 1168 cf.

205 1197 314 1246 Prop.
336 1195 408 1231 111.
428 1198 463 1232 6.
484 1196 544 1237 63.
571 1193 659 1230 Tib.
687 1195 738 1231 11.
767 1205 798 1230 1.
823 1206 880 1237 27.
904 1195 1124 1242 depromere
1147 1197 1199 1238 (v.
1219 1193 1265 1229 ad
1281 1195 1311 1228 1.
1334 1203 1370 1236 9·
1394 1194 1448 1238 7.)
1472 1207 1491 1230 e
1519 1193 1594 1227 cel-

207 1258 244 1290 Ia
270 1256 399 1300 avita,
428 1257 465 1290 in
488 1270 558 1307 qua
582 1257 703 1291 vinum
729 1254 776 1292 ab
798 1269 866 1292 avo
887 1255 1117 1305 reconditum
1137 1254 1272 1295 fuerat,
1291 1254 1458 1306 adeoque
1492 1262 1592 1291 vetu-

206 1326 316 1354 stum.
372 1316 522 1352 Testam
537 1321 745 1362 paternam
769 1317 941 1354 similiter
969 1317 1064 1353 dixit
1076 1316 1220 1353 Tibull.
1240 1317 1268 1351 l.
1284 1326 1338 1352 ιο.
1349 1318 1408 1357 48.
1425 1334 1465 1340 —
1482 1317 1502 1350 6
1516 1327 1598 1363 sqq.

211 1376 440 1429 splendide,
475 1392 566 1428 pro,
604 1378 690 1414 dum
726 1379 923 1428 Cleopatra
945 1381 1038 1429 reip.
1067 1380 1256 1414 Romanae
1280 1378 1466 1412 interitum
1493 1390 1596 1427 para-

208 1439 286 1474 bat.
335 1439 406 1474 Pro
430 1439 622 1489 republica
648 1449 701 1476 est
727 1438 985 1485 Capitolium,
1012 1453 1093 1475 cum
1120 1440 1289 1482 delectu;
1315 1449 1398 1474 nam
1433 1439 1594 1474 aeterni·

178 1495 186 1501 *
213 1501 296 1534 tatis
322 1498 415 1533 illud
441 1500 495 1535 rei
518 1500 702 1536 Romanae
724 1501 967 1536 certissimum
993 1501 1120 1550 pignus
1157 1500 1375 1538 habebatur.
1404 1515 1437 1538 v.
1465 1499 1531 1536 III.
1558 1513 1597 1546 3.

209 1570 270 1603 4²·
298 1567 334 1595 et
360 1559 429 1597 III.
453 1569 514 1602 30-
537 1564 572 1599 8.
595 1561 695 1594 Hinc
716 1561 849 1595 ruinae
869 1564 948 1608 ejus
973 1560 1189 1603 dementes,
1216 1561 1374 1597 feminae
1393 1561 1596 1605 dementis,

211 1633 299 1674 quas
323 1636 391 1657 non
413 1622 485 1656 nisi
507 1621 656 1657 demens
675 1623 796 1657 animo
822 1630 960 1658 struere
974 1624 1104 1672 possit.
1130 1623 1269 1666 -Quo
1295 1623 1599 1667 everso,Fanus,

212 1683 319 1720 finem
343 1695 381 1718 se
406 1681 512 1717 simul
536 1684 786 1732 imposituram
807 1683 978 1732 sperabat
995 1681 1164 1727 Imperio
1193 1682 1440 1717 Romanorum
1462 1685 1497 1717 in
1518 1685 1599 1718 uni·

214 1757 357 1782 versum
393 1752 570 1778 terrarum
607 1741 749 1780 orbem.
771 1741 855 1778 Plus
889 1743 1086 1791 degnitatis
1110 1741 1244 1788 hahet,
1278 1746 1309 1779 si
1337 1746 1386 1779 ita
1410 1746 1597 1794 accipias,

213 1819 320 1858 quam
342 1806 372 1841 si
397 1804 615 1854 simplicitet
640 1804 688 1841 de
723 1806 921 1841 evertenda
946 1819 1025 1855 rep.
1050 1805 1218 1850 Romana
1246 1805 1400 1850 cogites.
1438 1806 1495 1840 Ita
1518 1805 1605 1856 quo‘ss

214 1882 283 1919 que
315 1865 452 1902 Vellei.
493 1864 545 1901 11.
583 1869 641 1904 85.
677 1863 846 1899 Advenit
866 1864 1000 1898 deinde
1039 1863 1211 1899 maximi
1232 1863 1470 1898 discriminis
1495 1865 1602 1911 dies,

213 1941 288 1978 quo
329 1928 462 1962 Caesar
491 1926 760 1972 Antoniusque
788 1925 989 1972 productis
1023 1923 1208 1960 classibus
1238 1936 1308 1965 pro
1336 1926 1461 1960 salute
1479 1928 1574 1961 alter
1596 1921 1627 1969 ,'

213 1993 250 2026 in
278 1992 417 2025 ruinam
441 1987 534 2024 alter
553 1997 732 2024 terrarum
754 1986 855 2024 orbis
877 1987 1117 2022 dimicavere.
1144 1986 1318 2022 Ceterum
1339 1987 1505 2024 colorem
1529 2002 1608 2025 ora-

212 2053 322 2088 tionis
353 2066 372 2087 e
395 2051 530 2086 Nostro
552 2049 653 2085 duxit
676 2049 801 2086 Valer.
824 2048 934 2087 Max.
955 2049 1000 2085 V.
1026 2060 1062 2084 2.
1088 2046 1134 2085 de
1166 2047 1363 2084 Coriolano
1379 2073 1387 2081 .
1411 2047 1537 2094 funus
1569 2055 1607 2084 et

215 2111 389 2148 tenebras
411 2111 585 2145 Romano
609 2110 769 2157 imperio
796 2111 1071 2154 minitantem3
1099 2110 1196 2147 unde
1232 2118 1332 2160 patet
1347 2138 1367 2159 ,V
1394 2111 1470 2160 legi
1491 2112 1606 2150 debe·

218 2172 436 2220 rettsunus
469 2177 506 2206 et
542 2172 674 2206 ruinas
705 2180 776 2208 cet.
813 2171 942 2210 Facile
967 2186 1053 2209 vero
1087 2172 1329 2220 intelligitur,
1357 2171 1405 2209 ad
1429 2174 1608 2211 invidiam

222 2235 272 2270 rei
297 2232 500 2279 augendam
521 2233 612 2272 haec
633 2244 654 2267 a
678 2243 788 2282 poeta
807 2237 858 2270 ita
881 2234 1062 2271 adornata
1081 2248 1186 2277 esse3
1218 2248 1302 2270 nam
1333 2247 1406 2269 non
1440 2241 1513 2269 tam
1545 2248 1608 2271 ex-

219 2293 336 2331 scindi
368 2292 541 2344 populum
564 2294 770 2329 Romanum
798 2294 946 2331 volebat
963 2294 1162 2346 Cleopatra
1178 2320 1191 2338 ,
1215 2308 1323 2347 quam
1346 2296 1382 2331 ei
1407 2297 1604 2345 imperare,

220 2357 323 2405 regni
347 2356 433 2392 sede
456 2355 724 2392 Alexandriam
748 2355 935 2391 translata.
987 2356 1061 2392 Res
1085 2358 1172 2391 satis
1202 2364 1286 2391 nota
1311 2369 1330 2391 e
1357 2356 1478 2391 Dione
1500 2355 1544 2391 L.
1569 2366 1603 2400 7.

221 2416 315 2452 adde
341 2415 510 2464 Propert.
535 2414 604 2450 111.
624 2425 680 2452 ιι.
706 2425 764 2456 29.
792 2429 873 2468 sqq.
896 2415 997 2452 Ποῖ.
1021 2412 1089 2454 IV.
1108 2428 1164 2452 11.
1185 2435 1230 2444 -
1247 2428 1281 2463 9.
1307 2429 1390 2452 cum
1402 2416 1604 2466 spadonum

220 2476 348 2518 turba,
373 2489 462 2528 quos
489 2484 524 2513 et
550 2478 584 2511 in
611 2476 806 2512 consilium
834 2477 1062 2523 adhibebat,
1094 2486 1130 2514 et
1161 2474 1387 2513 exercitibus
1417 2476 1606 2528 praefece-

220 2544 285 2574 rat.
334 2537 434 2573 Infra
468 2537 515 2573 V.
553 2549 586 2583 9.
607 2548 659 2581 ¹3·
686 2537 884 2573 Romanus
906 2540 1019 2575 miles
1051 2559 1097 2568 —
1119 2539 1350 2587 spadonibus
1373 2539 1511 2573 servire
1544 2550 1605 2574 ru·

217 2599 325 2646 gosis
355 2604 496 2645 potest.
543 2599 802 2646 Indignitatem
838 2603 890 2637 rei
916 2604 993 2652 ipsa
1022 2604 1188 2639 oratione
1213 2605 1315 2638 auxit
1339 2607 1463 2651 poeta·
1512 2601 1603 2636 Nam

205 2663 329 2697 'mum
358 2660 558 2712 spadonum
585 2662 798 2697 comitatum
815 2673 975 2710 gregem
999 2671 1104 2702 vocat
1126 2675 1191 2713 per
1213 2670 1435 2702 contemtum
1451 2661 1604 2709 (ursae.
