1779 3085
161 400 245 424 cuni
270 395 389 424 tamen
414 389 461 423 sit
486 388 666 434 ignotus,
696 390 865 424 testatori
889 403 932 425 ne
956 390 1003 426 de
1029 387 1123 424 facie
1150 387 1313 438 quidem,
1341 390 1447 427 albus
1466 402 1561 430 ater.

164 463 210 486 ve
240 452 306 494 sit,
334 451 524 498 cognitum,-
562 448 624 499 qni
642 446 759 490 adeo,
806 461 887 484 cum
907 463 977 486 nec
1003 462 1087 484 suus
1111 450 1181 491 sit,
1211 465 1280 486 nec
1305 467 1388 488 vere
1419 457 1560 492 institu-

162 518 242 554 tus,
278 512 406 549 fraude
436 508 680 548 hereditatem
705 509 882 560 adquirit.
933 510 1128 561 Exquisite
1155 519 1275 548 autern
1295 513 1436 551 dilectu
1454 527 1566 563 poeta

164 574 336 610 adhibuit
362 589 394 611 v.
426 584 628 617 occupare;
663 584 748 607 nam
783 579 819 607 et
852 571 959 615 regia
994 578 1223 618 occupatur,
1256 575 1442 612 adfectata
1475 581 1568 628 inju-

164 645 223 672 sto
257 636 366 671 modo
389 634 642 670 dominatione
678 633 787 678 (sere
825 641 861 668 ut
891 633 1051 670 Phaedr.
1085 633 1113 669 Ι.
1138 643 1171 670 2.
1201 643 1235 676 5.
1256 649 1380 670 arcem
1405 646 1568 685 occupat

165 700 422 740 Pisistratus)
458 704 495 732 et
537 695 759 737 hereditas,
795 695 925 732 fraude
968 696 1081 732 adita.
1118 696 1309 735 Claudian.
1341 700 1374 733 in
1415 700 1500 738 Rus.
1533 702 1566 742 Ι.

166 772 247 806 19¹·
266 758 431 793 Laribus
447 757 579 803 pellit,
598 756 769 791 detrudit
795 757 1070 803 avitisfinibus
1105 759 1214 801 (sere
1244 770 1279 796 ut
1306 758 1401 797 insta
1425 777 1480 798 vv.
1504 775 1564 808 ⁶23·

163 823 255 866 27.)
296 827 366 857 aut
395 819 522 868 aufert
554 819 679 864 vivis,
714 823 782 852 aut
831 826 994 864 occupat
1026 822 1150 857 heres.
1210 823 1358 860 Nollem
1396 825 1490 862 adeo
1529 827 1568 862 in

163 877 265 921 mero
298 883 472 919 orationis
507 888 637 917 ornatu
675 880 736 915 hic
773 879 957 925 haesisse,
1013 883 1047 916 in
1087 896 1206 934 eoque
1248 885 1320 919 vim
1359 889 1570 924 sententiae

166 947 371 998 quaesiisse
395 947 632 994 interpretes.
683 942 776 977 Nam
812 954 894 977 cum
927 945 1087 993 propriis
1125 945 1248 981 verbis
1282 945 1473 983 Horatium
1508 949 1574 986 hio

165 1007 329 1044 locutum
354 1007 466 1056 plane
492 1004 563 1040 sibi
579 1015 794 1054 persuasum
809 1001 988 1040 haberent
1004 1032 1014 1049 ,
1042 1007 1078 1041 in
1106 1020 1237 1042 vanam
1257 1008 1573 1055 disceptationem

166 1070 347 1118 delapsi,
390 1068 595 1118 misereque
633 1064 830 1113 digladiati
873 1075 976 1109 sunt,
1018 1075 1138 1104 utrum
1178 1071 1335 1120 populus
1382 1072 1575 1109 Romanus

170 1146 278 1184 quem
300 1129 446 1166 Attalus
467 1129 648 1165 bonorum
672 1141 821 1165 suorum
845 1128 881 1163 h.
896 1131 1014 1175 regni,
1042 1138 1079 1165 ut
1100 1130 1257 1167 Romani
1282 1133 1576 1182 interpretaban-

171 1203 254 1238 tur,
301 1194 511 1243 scripsisset
558 1190 764 1234 heredem,
802 1203 847 1226 an
872 1191 1130 1229 Aristonicus,
1168 1194 1230 1244 qui
1262 1206 1301 1229 se
1329 1197 1429 1241 regia
1454 1197 1574 1246 stirpe

173 1265 290 1294 satum
308 1256 447 1295 ferret,
475 1267 703 1306 regnumque
727 1257 806 1302 jure
830 1251 901 1288 sibi
925 1254 1129 1290 vindicaret
1152 1257 1280 1307 (quem
1308 1268 1329 1290 a
1346 1257 1402 1294 M.
1421 1257 1579 1308 Perper-

171 1330 219 1354 na
238 1319 377 1353 victum
405 1315 627 1361 ductumque
670 1317 705 1350 in
732 1314 943 1366 triumpho,
981 1324 1105 1352 notum
1147 1317 1206 1353 vel
1234 1331 1252 1353 e
1287 1317 1423 1354 Vellei.
1448 1319 1494 1354 11.
1516 1319 1578 1364 4.)

174 1379 237 1416 hic
267 1392 287 1414 a
311 1386 423 1427 poeta
460 1377 698 1425 designetur,
742 1375 824 1419 his,
861 1376 1034 1427 populum
1073 1378 1279 1414 Romanum
1306 1387 1482 1432 tanquam
1504 1394 1581 1417 non

170 1444 252 1490 jure
291 1439 428 1475 sactum
478 1437 681 1486 heredem3
733 1435 832 1479 illis,
862 1436 1138 1484 Aristonicum,
1185 1443 1309 1489 regiae
1350 1445 1476 1492 stirpis
1510 1445 1583 1478 ori-

170 1505 296 1552 ginem
338 1502 556 1537 ementitum
587 1502 720 1552 sicque
758 1500 961 1546 ignotum,
1012 1503 1159 1549 ignotae
1200 1504 1326 1553 stirpis
1365 1504 1583 1547 hominem,

170 1565 232 1614 qui
278 1563 371 1600 adeo
416 1562 665 1598 hereditatem
710 1560 871 1597 alienam
908 1572 1149 1613 occupasset,
1194 1566 1295 1601 innui
1323 1566 1582 1602 contendenti·

172 1625 255 1661 bus.
305 1625 401 1660 Tum
425 1625 609 1660 sententia
630 1625 684 1659 sic
709 1632 892 1673 accepta,
928 1626 1110 1661 utrumvis
1136 1626 1286 1663 tandem
1315 1627 1525 1677 intelligas,
1559 1641 1583 1664 a.

171 1685 349 1735 primario
382 1686 558 1720 carminis
585 1684 745 1720 consilio
781 1684 892 1734 plane
932 1684 1058 1722 aliena
1083 1687 1253 1734 videtur3
1302 1689 1402 1739 quod
1427 1689 1582 1740 quidem

172 1761 245 1783 non
267 1746 608 1782 animadverterunt
630 1747 700 1781 viri
728 1744 856 1787 docti,
895 1746 1018 1780 animo
1040 1745 1156 1781 semel
1182 1746 1229 1781 ad
1255 1747 1349 1782 haec
1375 1748 1531 1783 intento.

248 1821 303 1847 ,v.
332 1820 366 1849 7.
395 1813 431 1846 8.
468 1806 621 1842 Duobus
658 1804 778 1840 modis
813 1805 945 1840 horum
980 1819 1042 1845 vv,
1082 1808 1254 1842 constitui
1281 1810 1465 1844 sententia
1502 1817 1582 1858 pot-

174 1880 253 1914 est,
298 1871 421 1918 prouti
474 1870 548 1903 vim
589 1866 805 1906 verborum,
852 1877 947 1916 quae
983 1866 1043 1901 vel
1083 1868 1207 1902 sensui
1241 1868 1298 1903 vel
1321 1868 1390 1904 soli
1427 1871 1576 1904 ornatui

175 1934 403 1974 inserviant,
431 1929 600 1967 definias.
648 1928 776 1963 Potest
798 1938 902 1963 esse:
930 1940 1049 1977 neque
1076 1927 1269 1964 clientium
1291 1930 1490 1966 multitudo
1515 1932 1586 1966 mi-

175 1995 214 2030 hi
235 1993 366 2034 adest3
406 2001 442 2028 ut
467 1991 562 2028 adeo
582 1989 757 2026 nobilitas
777 1989 947 2023 universe
970 1986 1184 2036 designetur
1211 2003 1232 2025 a
1258 1989 1362 2026 turba
1386 1991 1583 2028 clientium

175 2055 257 2099 (cf.
293 2054 362 2089 111.
400 2066 432 2090 1.
470 2054 576 2097 130),
621 2064 714 2102 quae
747 2058 849 2086 tanto
887 2050 1068 2087 illustrior
1103 2059 1189 2095 est,
1232 2067 1309 2103 quo
1341 2053 1585 2089 honestiores

178 2125 284 2158 sunt,
323 2116 384 2167 qui
418 2126 502 2149 sese
534 2114 570 2148 in
595 2111 705 2147 fidem
740 2113 1063 2164 patrociniumque
1100 2111 1336 2150 dediderunt.
1389 2114 1485 2150 Tum
1510 2130 1586 2168 qno

179 2180 295 2224 magis
334 2175 541 2212 nobilitatis
581 2176 770 2210 notionem
815 2174 1012 2212 extolleret
1061 2183 1192 2225 poeta,
1243 2175 1368 2212 eidem
1408 2177 1503 2212 viam
1535 2176 1587 2213 ad.

179 2249 340 2274 summos
373 2238 612 2284 magistratus
653 2235 905 2285 capessendos
932 2238 1109 2272 munitam
1135 2239 1355 2274 clientarum
1387 2237 1518 2272 studiis
1547 2239 1588 2272 in

179 2313 365 2351 purpureo
417 2299 556 2341 clavo,
613 2312 769 2350 quorum
805 2300 946 2346 insigne
983 2300 1014 2334 is
1050 2307 1184 2342 esset,
1237 2300 1428 2349 occupatis
1474 2300 1587 2336 docte

180 2363 392 2399 declarasse
428 2361 550 2397 videri
576 2368 711 2409 potest.
772 2360 880 2397 Esset
914 2361 1008 2396 adeo
1036 2362 1269 2406 generatim:
1306 2376 1424 2414 neque
1451 2361 1587 2397 nohili-

182 2434 259 2462 tate
284 2423 501 2473 conspicuus
528 2435 622 2458 sum.
675 2425 732 2457 Ac
759 2422 854 2458 hanc
879 2422 1029 2474 quidem
1062 2424 1245 2458 rationem
1278 2425 1438 2458 unanimi
1467 2425 1587 2472 intpp.

183 2498 367 2523 consensu
398 2483 676 2534 comprobatam
705 2483 844 2520 videas.
917 2484 1046 2521 Potest
1093 2497 1180 2521 vero
1219 2486 1331 2521 etiam
1363 2483 1590 2531 simpliciter

187 2560 289 2585 esse:
314 2561 389 2583 non
413 2547 612 2596 purpureis
635 2545 799 2582 vestibus
815 2573 826 2590 ,
864 2546 1037 2595 stragulis
1059 2554 1164 2588 utor,
1198 2547 1243 2582 iis
1266 2559 1399 2587 care03
1431 2554 1467 2580 ut
1492 2544 1590 2581 divi·

187 2613 322 2646 tiarum
360 2610 461 2645 notio
495 2609 606 2644 etiam
635 2608 698 2644 hic
731 2610 778 2643 sit
808 2609 1009 2659 primaria;
1059 2619 1236 2657 purpura,
1286 2619 1387 2642 more
1432 2605 1588 2642 Horatio

188 2671 335 2708 solenni
369 2668 452 2716 (cf.
488 2669 537 2708 II.
570 2668 624 2705 16.
657 2681 689 2710 7.
717 2668 846 2707 ῘΙῘ.,1.
879 2670 967 2709 42.)
1004 2669 1040 2702 in
1072 2671 1197 2717 specie
1229 2667 1426 2704 declarata.
1478 2669 1590 2714 Quod

188 2734 341 2786 quidem
376 2745 461 2771 cum
487 2733 756 2770 sententiarum
780 2730 897 2770 series
930 2731 1073 2776 (etiam
1100 2743 1133 2767 v.
1157 2738 1211 2764 ¹0.
1233 2740 1516 2776 pauperemque
1534 2729 1590 2765 di-

1137 2791 1301 2853 Yy²
