1779 3085
695 244 1063 288 -435-·

186 356 315 392 tenuit.
340 354 484 391 Plenior
508 354 603 390 enini
632 352 748 387 oratio
776 358 875 388 erat:
902 350 1024 398 Lupus
1049 344 1139 382 mihi
1166 346 1293 397 paullo
1324 348 1468 399 longius
1492 366 1573 391 eva,

186 419 287 464 genti
312 416 455 453 obviam
482 415 604 456 venit,
633 426 789 459 meque,
813 413 881 447 etsi
907 413 1107 452 inermem,
1135 408 1238 455 sugit.
1264 427 1309 436 -
1340 410 1443 447 Silva
1467 411 1573 452 Sabi-

185 490 259 520 nu,
287 492 378 530 quae
405 474 597 524 adjacebat
622 473 733 510 villae
758 485 843 510 suae
869 472 1053 516 Sabinae,
1090 470 1135 507 ad
1163 484 1317 521 eamque
1350 478 1573 522 pertinebat,

187 541 369 574 Paullum
392 538 506 572 silvae
530 545 634 572 vocat
659 533 778 574 Serm.
800 535 845 570 II.
871 537 905 572 6.
932 548 966 581 3.
1001 533 1202 578 &javam
1222 534 1406 580 jugerum
1432 551 1573 583 pauco-
1621 553 1625 559 ·

189 613 274 634 rum
297 600 366 634 111.
398 599 449 634 16.
476 608 533 640 29.
559 617 602 626 —
627 597 722 631 dum
750 596 924 645 Lalagen
948 608 1093 638 meum,
1119 597 1209 632 mihi
1235 606 1408 640 amatam,
1433 613 1574 638 amores

188 675 288 698 meos
319 664 443 694 canta.
494 658 691 695 Praeclare
728 660 798 694 hoc
833 658 1018 706 adjectum
1046 660 1093 696 ad
1130 660 1393 696 declarandum
1417 664 1575 698 otiosum

186 727 264 772 ejus
286 724 457 777 animum,
485 722 586 758 nu'llo
611 725 779 760 instantis
803 722 960 773 periculi
985 734 1084 758 metu
1105 724 1376 773 perturbatum.
1393 727 1575 762 Disertius

184 786 254 821 hoc
281 784 462 835 eloquitur
494 801 526 821 v.
554 799 632 836 seq.
655 806 701 813 —
726 786 829 819 ultra
853 780 1086 828 terminum,
1120 788 1243 837 paullo
1281 788 1449 835 longius:
1486 789 1578 824 nihil

182 847 353 898 amplius.
404 848 572 884 Suaviter
595 849 664 882 hoc
690 846 900 896 adjectum:
929 861 1010 883 nam
1037 848 1122 883 dum
1156 848 1316 895 Lalagen
1350 859 1472 893 canit,
1510 851 1577 886 La-

185 911 291 958 !agen
323 912 426 945 unice
452 912 612 957 cogitat,
634 923 705 943 non
734 910 894 944 advertit
919 923 956 944 se
980 910 1146 957 longius,
1174 923 1218 947 ac
1237 912 1358 952 ultra,
1376 925 1483 964 quam
1500 921 1576 948 tuto

183 971 342 1013 licebat,
367 974 401 1007 in
423 971 516 1007 silva
538 980 784 1021 progressum.
809 991 853 1000 -
876 971 978 1006 curis
998 971 1193 1018 expeditis
1220 982 1340 1024 potest
1376 988 1480 1015 ossea
1505 978 1580 1010 ani-

183 1048 242 1070 mo
269 1035 315 1070 ab
337 1037 434 1070 omni
461 1047 544 1069 cura
569 1048 706 1077 vacuo,
733 1042 860 1083 utpote
887 1037 921 1069 in
945 1034 1101 1083 Lalages
1127 1048 1250 1071 amore
1286 1039 1393 1072 unice
1427 1037 1548 1073 defixo
1568 1062 1578 1080 ,

189 1099 356 1149 adeoque
376 1096 596 1147 tranquillo,
624 1097 757 1130 otioso.
782 1095 908 1130 Potest
930 1102 967 1130 et
985 1108 1080 1140 esse,
1103 1098 1227 1132 animo
1250 1096 1297 1132 ab
1320 1096 1419 1132 omni
1445 1101 1580 1133 timore

191 1159 312 1197 libero
335 1187 343 1201 ‚
366 1158 458 1194 nihil
481 1157 635 1206 periculi
657 1171 677 1192 a
699 1158 786 1193 feris
809 1165 1014 1198 metuente,
1045 1170 1185 1195 securo.
1212 1157 1293 1196 Hoc
1330 1164 1448 1196 tamen
1478 1159 1578 1210 paul·

187 1224 223 1259 lo
248 1222 430 1258 subtilius.
481 1221 599 1255 Docte
633 1231 720 1255 vero
750 1220 853 1253 curis
882 1219 1077 1265 expeditis
1097 1233 1150 1256 sc.
1188 1223 1308 1257 animo
1330 1247 1339 1263 ‚
1367 1233 1433 1271 pro
1457 1224 1580 1258 animo

187 1285 285 1321 curis
309 1282 495 1332 expedito.
519 1280 658 1315 Eadem
684 1282 925 1331 exquisitiore
952 1280 1127 1332 loquendi
1154 1281 1271 1316 forma
1295 1282 1431 1317 Catuli.
1448 1283 1581 1318 XXXI.

188 1359 220 1389 7.
244 1345 276 1379 O
294 1345 388 1392 quid
408 1342 546 1378 solutis
561 1347 618 1375 est
642 1341 791 1376 beatius
814 1343 928 1378 curis.
956 1340 1108 1391 Proprie
1132 1345 1228 1378 enim
1249 1347 1389 1378 animus
1415 1344 1581 1394 expediri

188 1411 285 1443 curis
310 1405 473 1447 dicitur;
499 1415 579 1439 nam
596 1431 604 1445 ,
630 1403 715 1439 (lum
741 1403 928 1440 detinetur
948 1402 1070 1456 aliqua
1090 1414 1155 1446 re,
1189 1407 1301 1441 nimia
1329 1406 1485 1455 alicujus
1525 1408 1579 1442 rei

187 1469 414 1516 cogitatione
439 1472 636 1514 occupatus
660 1470 740 1508 est,
767 1478 810 1501 ea
838 1465 867 1501 is
889 1464 1072 1510 impediri
1089 1466 1236 1502 dicitur.
1287 1463 1383 1502 Hinc
1424 1468 1469 1502 de
1505 1481 1582 1516 gra-

192 1528 357 1565 vioribus
376 1525 609 1569 adfectibus,
631 1529 691 1578 qui
718 1540 842 1564 omnes
868 1529 980 1563 animi
1004 1529 1246 1575 cogitationes
1284 1530 1318 1564 in
1353 1542 1394 1565 se
1432 1542 1584 1564 conver-

190 1600 267 1627 tunt
285 1617 295 1634 ‚
322 1604 476 1642 eumque
503 1591 609 1642 quasi
641 1590 803 1624 vinctum
830 1597 978 1632 tenent,
1008 1604 1078 1642 quo
1096 1591 1215 1626 minus
1240 1586 1324 1627 aliis
1349 1593 1582 1639 cogitationi·

187 1652 257 1690 hus
281 1664 413 1690 vacare
448 1653 588 1703 possit,
620 1651 732 1688 veluti
767 1651 813 1688 de
833 1664 959 1687 amore
985 1652 1032 1686 V.
1063 1661 1118 1687 11.
1140 1661 1197 1694 25.
1225 1648 1271 1687 de
1303 1661 1402 1688 metu
1427 1650 1492 1688 111.
1522 1662 1580 1692 24.

189 1726 223 1757 7-
247 1723 281 1751 et
310 1716 393 1751 aiii!
416 1721 625 1766 usurpatur..
671 1713 823 1749 Terent.
850 1712 965 1749 Andr.
986 1713 1012 1747 I.
1038 1722 1072 1754 5.
1099 1716 1155 1749 26.
1186 1713 1256 1746 Tot
1281 1726 1342 1747 me
1359 1712 1582 1760 impediunt

190 1788 324 1819 curae,
351 1789 446 1824 quae
466 1786 595 1810 meum
614 1775 791 1809 animum
817 1774 962 1808 diverse
980 1775 1157 1811 trahunt.
1185 1774 1280 1810 adde
1308 1774 1388 1808 Cic.
1416 1787 1482 1822 pro
1500 1774 1581 1810 Cel.

193 1844 250 1879 45.
275 1838 369 1873 Hinc
398 1839 560 1877 animus,
588 1837 684 1870 curis
708 1845 863 1875 vacuus,
891 1836 968 1868 istis
993 1834 1143 1868 solutus
1167 1834 1326 1878 (Catuli.
1352 1833 1433 1876 Li.)
1462 1847 1580 1881 expe.

192 1896 298 1930 ditus
319 1896 487 1938 (Terent.
513 1896 660 1930 Phorm.
686 1894 730 1928 V.
757 1896 792 1930 3.
813 1895 868 1939 4.)
888 1901 924 1928 et
947 1906 1014 1942 pro
1043 1893 1110 1929 hoc
1144 1897 1367 1947 exquisitius
1395 1899 1495 1948 ipsae
1519 1912 1581 1933 cu-

191 1969 254 1993 rae
277 1957 429 1999 solutae,
458 1955 651 2006 expeditae
675 1955 858 1990 dicuntur.
887 1955 1061 2004 —fugit
1080 1959 1149 1992 etsi
1175 1956 1373 2002 inermem,
1401 1973 1481 1995 nam
1506 1961 1579 1997 hoc

195 2023 316 2070 ipsum
342 2019 573 2053 mirationem
607 2016 779 2052 faciebat.

288 2093 320 2115 v.
349 2091 389 2125 13
416 2100 461 2108 -
485 2080 541 2116 16.
562 2079 645 2124 Quo
666 2082 794 2128 majus,
819 2078 917 2131 quod
938 2076 1009 2117 sibi
1030 2080 1258 2117 imminuerat
1278 2082 1485 2132 perieulum
1508 2085 1582 2122 ad·

195 2154 343 2197 pareat,
372 2145 518 2194 lupum,
537 2142 607 2177 sibi
632 2143 769 2185 visum,
798 2147 896 2191 tanta
919 2145 967 2177 ait
1002 2142 1114 2180 fuisse
1143 2142 1392 2194 magnitudine
1415 2159 1458 2181 ac
1484 2146 1578 2183 fero-

195 2209 305 2243 citate
321 2231 331 2249 ‚
353 2218 424 2255 qua
451 2215 573 2238 omnia
594 2202 653 2238 vel
678 2204 836 2239 maxime
858 2203 1041 2239 terribilia
1063 2204 1182 2241 ubivis
1204 2212 1380 2243 terrarum
1407 2204 1581 2246 animalia

196 2267 309 2304 facile
345 2270 546 2315 superaret.
581 2263 747 2299 Suaviter
780 2272 817 2299 et
842 2272 885 2300 ex
907 2266 1050 2301 timoris
1081 2273 1227 2316 natura-¹
1269 2267 1443 2317 vulgaris
1466 2285 1582 2308 nexus

197 2338 308 2367 erate·
333 2327 457 2377 Lupus
493 2339 549 2362 me
586 2325 703 2373 sugit,
738 2333 969 2376 portentum,
1004 2328 1113 2380 quale
1150 2338 1223 2365 cet.
1257 2347 1305 2357 --
1328 2328 1581 2379 Portentum,

194 2390 373 2437 πέλωρον,
412 2387 458 2423 de
491 2385 640 2422 animali
675 2388 870 2423 inusitatae
895 2388 1157 2435 magnitudinis
1182 2390 1242 2426 vel
1267 2390 1441 2430 feritatis.
1465 2392 1581 2436 ἄγριον

196 2450 304 2498 τέρας
331 2451 455 2501 Eurip.
476 2449 627 2500 Hippol.
654 2450 756 2495 1214.
784 2449 912 2485 Cresia
928 2450 1109 2499 prodigia
1133 2450 1179 2488 de
1203 2461 1306 2490 tauro
1333 2453 1484 2490 Cretico
1500 2449 1582 2488 Vir-

198 2513 267 2561 gil,
290 2514 382 2550 Aen.
404 2511 506 2546 VIII.
532 2521 613 2556 295.
642 2520 678 2546 et
699 2511 782 2548 inde
806 2512 997 2548 claudian.
1030 2512 1076 2549 de
1107 2513 1206 2549 laud.
1255 2513 1376 2551 stilic.
1403 2515 1471 2551 111.
1496 2522 1578 2560 345.

202 2573 238 2609 T
233 2584 301 2607 um
322 2573 461 2608 virides
483 2572 649 2618 pardos,
668 2577 704 2607 et
723 2578 847 2608 cetera
869 2572 1021 2622 colligit
1040 2572 1179 2609 Austri
1207 2573 1400 2622 prodi-gia.
1438 2573 1581 2611 Eadem

201 2641 373 2671 monstra
405 2643 508 2672 vocat
534 2635 583 2671 ib.
608 2649 641 2671 v.
667 2644 746 2681 2745
773 2650 809 2672 v.
835 2636 881 2672 ad
906 2637 933 2671 1.
959 2644 991 2674 25.
1010 2641 1062 2675 18.
1085 2638 1147 2672 IV.
1171 2642 1206 2675 4.
1228 2639 1286 2680 63.
1311 2657 1355 2666 -
1384 2637 1493 2685 quale
1518 2639 1582 2673 vix

199 2695 304 2733 irttibi
332 2705 506 2738 terrarum
533 2698 709 2736 invenias.
734 2695 804 2733 Pro
833 2697 902 2735 hoc
928 2709 1009 2735 cum
1031 2697 1176 2734 delectu
1204 2703 1371 2748 regiones
1391 2700 1507 2748 ponit,
1527 2698 1581 2735 se·

1044 2762 1201 2806 Ee2
