1779 3085
737 278 792 289 -.
880 259 961 308 628
1050 279 1104 289 ..m

231 375 333 423 ignis
353 383 521 416 marsus,
557 376 594 408 et
612 370 718 407 venis
744 372 867 407 latens
883 398 894 416 ,
921 378 965 407 ut
979 372 1097 420 agilis
1122 370 1403 419 altasflamma
1421 367 1612 415 percurrit

228 436 363 472 trabes.
385 455 431 462 —-
473 434 540 470 Cos
565 437 744 474 cruenta,
780 435 954 482 sanguine
979 435 1206 477 madefacta,
1232 433 1402 484 perfusa,
1429 445 1493 482 pro
1516 441 1610 482 aqua

228 499 287 535 vel
310 497 416 540 ole03
443 496 623 546 exquisita
643 502 679 530 et
704 497 894 544 aptissima
918 498 969 532 rei
992 498 1161 544 imagine.
1208 496 1327 544 Auget
1351 495 1447 530 enim
1473 495 1612 543 impen-

231 571 270 595 se
294 558 472 599 feritatis,
500 565 607 605 quam
628 557 816 601 sunguine
841 565 1113 602 repraesentant
1127 564 1279 608 poetae,
1305 557 1500 592 notionem.
1549 553 1612 588 Sic

228 619 372 657 Tibull.
397 621 426 653 Ι.
448 627 482 653 2·
504 618 561 661 39·
587 615 741 653 Veneris
766 619 1022 655 truculentiam
1043 619 1128 655 inde
1154 621 1314 669 repetit,
1341 617 1438 670 quod
1456 613 1614 661 sangui-

229 693 275 715 ne
304 684 396 715 nata
424 680 480 714 sit.
532 677 622 713 Inde
651 676 904 725 αἱματᾶφυρτοι
935 679 1027 721 βέλη
1049 680 1176 715 Amori
1211 679 1336 714 tribuit
1366 677 1530 724 Meleag.
1566 674 1615 709 L·

228 747 262 781 8.
297 741 433 786 (Anal.
466 740 528 774 Br.
557 738 585 772 I.
622 739 698 782 16.)
721 739 949 792 eundemque
985 739 1186 775 assiduum
1217 751 1302 775 cum
1332 737 1520 786 sanguine
1542 745 1612 771 suo

231 803 372 838 bellum
394 810 529 846 gerere
561 811 593 834 s.
617 809 655 834 ut
692 800 827 836 clarius
852 801 1077 838 Theocritus
1102 801 1148 835 11.
1174 806 1229 843 55.
1255 803 1328 844 ait,
1354 801 1567 847 sanguinem
1594 809 1615 832 e

233 875 386 913 corpore
409 861 579 906 exsugere
603 861 661 903 (τι
682 874 747 904 μου
771 862 888 899 με’λοιν
911 863 944 897 ἐκ
965 858 1060 908 χροὸς
1088 857 1175 906 αἷμα
1200 883 1238 888 -
1263 861 1469 904 πέπωκαῆ)
1495 859 1619 911 queri·

232 934 288 961 tur
316 926 479 973 Propert.
505 921 556 955 11.
583 932 618 963 9.
646 921 702 956 16.
750 922 898 957 Nollem
923 935 1008 958 vero
1034 936 1078 958 eo
1098 935 1310 972 progressos
1327 935 1405 959 esse
1432 923 1527 957 viros
1553 919 1620 955 do·

230 995 306 1022 ctos
333 993 370 1020 ut
396 990 639 1035 quaererent,
664 993 821 1032 quonam
842 985 1016 1030 sanguine
1035 995 1095 1018 eos
1121 985 1190 1017 ista
1211 984 1356 1035 perf-usa
1378 981 1533 1029 cogitari
1556 979 1620 1015 de-

231 1046 342 1084 beat:
377 1060 397 1082 e
434 1058 504 1095 qua
526 1044 665 1079 nodosa
698 1050 808 1094 atque
831 1046 942 1079 anxia
961 1046 1174 1095 quaestione
1197 1046 1328 1079 mirum
1353 1046 1390 1079 ni
1417 1043 1589 1079 Horatius
1604 1063 1616 1081 ‚

231 1111 260 1145 si
288 1110 321 1144 ei
348 1107 496 1155 objecta
521 1104 640 1143 foret,
674 1105 748 1139 risu
772 1118 810 1139 se
824 1105 1062 1154 expediturus
1087 1106 1231 1143 suisset.
1282 1105 1361 1140 Jam
1382 1103 1466 1139 inde
1487 1117 1530 1138 eo
1555 1101 1617 1138 de·
1647 1141 1651 1144 ,

233 1170 354 1219 lapsus
379 1175 454 1209 est,
485 1173 520 1200 ut
546 1169 670 1198 cotem
688 1169 887 1198 cruentam
912 1166 1139 1216 explicaret,
1166 1180 1305 1202 veneno
1326 1168 1508 1219 tinctan13
1533 1177 1620 1216 qua-

235 1238 338 1267 tenus
374 1227 533 1277 antiquis
576 1233 785 1275 serpentum
822 1228 968 1273 sanguis
997 1240 1065 1277 pro
1093 1241 1229 1264 veneno
1257 1227 1473 1270 haberetur,
1500 1233 1536 1263 et
1562 1239 1623 1262 ve-

239 1299 392 1327 nenatae
418 1290 571 1335 sagittae
599 1286 774 1336 Cupidini
801 1287 1057 1324 tribuerentur.
1109 1288 1219 1335 Quod
1243 1296 1433 1340 utrumque
1459 1289 1528 1325 etsi
1562 1300 1622 1344 ve.-

236 1366 317 1388 rum
342 1354 412 1391 sit·‚
451 1349 645 1384 admodum
677 1356 797 1384 tamen
838 1363 990 1393 vereor,
1032 1364 1075 1385 ne
1104 1353 1218 1386 istaec
1242 1363 1307 1401 per
1333 1363 1372 1387 se
1398 1351 1485 1386 satis
1512 1349 1623 1384 (locta

238 1415 500 1462 ingeniosaque
536 1409 798 1458 interpretandi
825 1412 918 1446 ratio
950 1410 1073 1461 paullo
1111 1411 1253 1459 longius
1290 1412 1327 1447 h.
1352 1412 1377 1449 l.
1413 1412 1530 1461 petita
1549 1411 1620 1445 sit:

236 1485 312 1511 tum
346 1484 457 1508 cruor
491 1476 669 1505 cruentus
703 1470 830 1506 dubito
867 1485 911 1507 an
946 1471 1119 1508 absolute
1159 1473 1205 1509 de
1244 1488 1382 1510 veneno
1417 1478 1621 1521 usurpetur.

241 1537 395 1585 Semper
419 1534 515 1569 enim
538 1539 595 1566 est
619 1531 778 1576 sanguis
802 1531 996 1578 viperinus
1021 1533 1079 1578 (Ι.
1106 1541 1141 1574 8.
1165 1547 1198 1577 9.
1224 1533 1268 1569 V.
1289 1547 1322 1579 3.
1350 1534 1507 1570 6.cruor
1526 1529 1627 1574 vipe-

242 1607 326 1632 reus
352 1594 484 1638 (ovid.
513 1592 618 1627 Pont.
649 1591 711 1628 IV.
733 1601 767 1636 7.
789 1593 877 1636 36.)
916 1602 951 1629 et
979 1595 1031 1628 sic
1067 1606 1189 1642 porro·
1241 1595 1313 1630 Sed
1338 1593 1549 1644 propulsare
1576 1593 1623 1627 si-

240 1657 316 1694 mul
351 1665 457 1707 atque
495 1654 637 1690 diluere
669 1656 722 1689 sie
760 1652 905 1689 volebat
928 1656 980 1689 vir
1012 1654 1361 1701 elegantisjudicii‚
1391 1657 1450 1705 qui
1477 1654 1624 1697 ardere,

229 1720 383 1768 fervere
427 1715 556 1751 itidem
586 1715 632 1749 dc
676 1727 818 1757 veneno
857 1714 930 1751 dici
967 1723 1087 1751 nosset
1113 1741 1123 1757 ,
1186 1714 1456 1765 superciliosam
1501 1716 1624 1750 Homii

242 1779 386 1822 (Elem.
419 1777 501 1811 crit.
535 1789 567 1810 c.
599 1775 730 1818 XX.),
769 1777 969 1823 incongrua
1002 1775 1206 1819 (ardentes
1244 1775 1416 1821 sagittas.
1443 1782 1478 1809 et
1503 1783 1624 1809 cotem

243 1838 470 1881 cruentam)
502 1836 567 1871 'hic
593 1836 693 1882 jungi
735 1834 948 1877 clamantis,
985 1848 1185 1871 censuram.
1234 1835 1308 1871 Sed
1349 1848 1407 1869 res
1432 1834 1479 1869 ad
1511 1835 1624 1869 animi

241 1913 388 1938 sensum
425 1898 592 1933 revocari
621 1895 758 1939 debet,
796 1895 858 1931 ubi
882 1895 1051 1931 ardentes
1078 1896 1203 1932 Amori
1231 1898 1381 1943 sagittas
1405 1903 1536 1945 poetae
1564 1896 1622 1929 υἱ·

242 1960 381 2005 buunt,
416 1973 483 1995 nec
516 1962 565 1994 ita
598 1958 887 2007 intelligendae,
914 1966 951 1992 ut
986 1957 1122 1993 fulmen
1150 1958 1377 2005 πυρπάλαμον
1402 1953 1505 1999 βέλος
1530 1958 1626 2001 ὀρσι-

247 2019 377 2057 κτύπου
398 2021 478 2055 Διὸς
500 2021 603 2056 Pind.
629 2021 688 2056 Ol.
705 2021 748 2055 X.
770 2021 827 2066 96.
843 2029 877 2056 et
902 2020 1035 2055 Aesch.
1059 2019 1178 2054 Prom.
1200 2025 1281 2063 925·
1303 2021 1494 2065 πυρίπνοον
1515 2016 1626 2060 βέλος

245 2082 404 2123 <licitum
429 2093 499 2133 qua
519 2086 631 2118 etiam
667 2082 711 2118 de
737 2096 843 2118 causa
857 2083 968 2117 Amor
992 2082 1148 2117 Moscho
1162 2082 1279 2124 111.7.
1299 2081 1410 2126 πυρὶ
1436 2078 1629 2122 εἴκελος,

247 2152 284 2181 et
313 2143 485 2193 Apollon.
514 2143 582 2178 ΙΙΙ.
608 2145 690 2182 286.
726 2147 805 2193 ejus
825 2144 960 2189 telum,
993 2144 1089 2195 quod
1121 2141 1280 2180 Medeae
1316 2156 1379 2179 cor
1397 2143 1543 2185 adurit,
1579 2142 1626 2177 ab

248 2201 381 2241 effectu
400 2205 515 2246 adeo,
554 2213 700 2240 vocatur
750 2207 830 2252 πυρὶ
854 2203 1048 2240 εἷ’κελον.
1099 2205 1174 2242 Sed
1191 2205 1238 2241 ad
1263 2206 1356 2240 hanc
1378 2206 1558 2240 rationem
1582 2218 1626 2240 ne

249 2265 445 2313 confugere
464 2266 614 2316 quidem
646 2279 795 2302 neccsse
819 2268 1012 2302 existimo:
1040 2279 1120 2301 nam
1135 2293 1146 2311 ,
1182 2269 1211 2302 si
1232 2268 1301 2302 hoc
1318 2280 1384 2316 pro
1409 2279 1536 2302 norma
1558 2274 1628 2300 sta-

250 2335 350 2362 tuere
381 2328 491 2371 velis,
522 2336 558 2361 ut
591 2330 706 2375 imago
732 2331 875 2378 poetica
909 2343 952 2364 ne
978 2330 1162 2364 admixtos
1195 2328 1339 2364 colores
1371 2328 1529 2370 habeat,
1564 2328 1628 2378 qui

250 2401 379 2424 novam
404 2388 510 2423 aliam
538 2390 655 2423 animo
681 2389 859 2436 objiciant
880 2390 1024 2432 ideam,
1055 2398 1163 2440 quot,
1191 2402 1348 2435 quaeso,
1373 2396 1560 2439 poetarum
1574 2386 1626 2423 lo·

252 2463 319 2491 ca,
356 2449 432 2485 sere
471 2449 742 2499 pulcherrima,
775 2454 955 2492 (maxime
986 2454 1081 2488 enim
1112 2460 1186 2487 turn
1215 2451 1353 2487 accidit
1390 2451 1534 2500 poetiS,
1566 2448 1628 2484 ubi

255 2513 548 2558 phantasmatum
582 2510 750 2546 ubertate
770 2518 930 2559 tument)
964 2515 1010 2549 ad
1036 2515 1130 2549 hanc
1157 2513 1286 2562 judicii
1317 2511 1557 2548 subtilitatem
1578 2523 1631 2547 es-

257 2581 338 2608 sent
370 2571 545 2619 exigenda
563 2598 573 2615 ‚
608 2571 788 2623 obeloque
823 2575 1084 2621 transfigenda!
1119 2576 1206 2619 Sic,
1232 2583 1269 2610 ut
1303 2573 1466 2622 ejusdem
1492 2574 1544 2607 rei
1568 2571 1629 2607 ‹le-

258 2633 384 2680 fungar
407 2633 575 2682 exemplo
592 2661 600 2676 ‚
631 2634 728 2669 Dido
752 2637 847 2684 apud
871 2635 970 2681 Virg.
995 2636 1088 2671 Aen.
1109 2635 1179 2670 IV.
1199 2645 1232 2671 2.
1258 2637 1292 2669 in
1317 2634 1446 2670 eodem
1471 2644 1575 2668 versu
1590 2638 1628 2665 et

261 2694 408 2730 Amoris
433 2696 585 2731 vulnere
613 2696 764 2738 saucia,
806 2705 841 2732 et
867 2697 1016 2732 Amoris
1041 2698 1130 2743 igne
1157 2697 1219 2733 uri
1255 2696 1414 2742 dicitur-3
1450 2706 1521 2744 quo
1536 2700 1635 2728 utro-

1743 2855 1747 2863 <
1729 2831 1743 2844 ³
1740 2691 1755 2817 avsujss

1732 2578 1760 2692 *fo-:3⁴-
1746 2539 1761 2552 :.
