1779 3085
651 234 706 242 ..
797 210 1018 264 669-

139 327 247 363 mina
271 326 444 365 dictant,·
467 343 513 355 -
538 324 613 360 Nec
633 326 724 372 plus
761 323 927 358 Alcaeus
963 330 1114 358 consors
1143 322 1368 370 patriaeque
1398 323 1522 368 {rrae-

137 401 207 436 que
232 389 358 422 laudis
384 387 521 431 habet,
547 387 723 434 quamvis
739 385 931 432 grandius
952 384 1020 419 ille
1047 382 1097 428 (f.
1124 384 1208 427 ore)
1234 389 1365 422 sonet,·
1392 385 1523 421 eodem

140 453 219 486 fere
245 452 417 486 orationis
436 463 518 485 usus
545 448 683 484 colore.

234 524 268 548 v.
295 519 351 554 29-
380 524 461 561 sqq.
488 508 674 560 Abreptus
700 510 914 560 phantasiae
944 511 977 544 vi
1001 516 1133 559 poeta,
1161 520 1201 543 se
1223 507 1332 556 plane
1357 508 1403 543 ad
1426 508 1523 544 Infe-

140 585 199 609 τοι
225 573 385 608 delatum
401 597 412 614 ,
440 570 692 622 Alcaeumque
724 579 760 607 et
784 569 933 621 Sappho
954 572 990 605 in
1010 569 1131 605 media
1155 568 1384 611 umbramus,
1413 572 1525 604 maxi·

140 647 199 670 rna
224 647 286 669 eos
311 633 517 683 frequentia
543 635 783 682 stipantium,
820 633 1116 683 audientiamque
1143 631 1379 669 facientium,
1417 631 1524 666 turba

140 703 313 732 canentes
339 694 466 730 audire
492 707 531 729 se
557 696 737 744 opinatur.
765 695 848 740 Quo
875 694 1024 745 quidem
1048 694 1306 743 phantaumate
1329 691 1376 726 ad
1401 695 1526 726 sensus

140 755 428 793 commovendos
462 753 648 792 efficacius
678 757 875 808 quidquam
916 756 1071 801 cogitari
1109 756 1165 790 vix
1189 762 1337 803 potest;
1365 761 1439 787 tum
1463 767 1525 789 no-

138 832 222 854 vum
244 818 351 868 plane
370 816 563 853 artificium
587 826 642 853 est
668 827 825 867 poetae,
851 833 922 870 quo
944 821 1032 855 satis
1058 821 1237 870 exquisito
1270 822 1419 856 istorum
1453 820 1526 855 lau-

137 879 204 917 des
225 879 448 916 vividissime
482 888 745 930 repraesentat.
772 878 1015 917 Adumbravit
1038 881 1279 916 Horatianam
1309 881 1402 917 hanc
1436 883 1526 916 ima*

141 943 265 988 ginem
301 941 436 976 Statius
462 941 551 976 Silv.
577 942 624 974 11.
655 952 688 981 7.
717 951 796 977 1¹¹.
821 940 867 977 de
900 941 1076 987 Lucano3
1108 943 1294 977 meritum
1319 953 1453 976 nemus
1466 940 1529 989 fe-

137 1005 202 1039 liz·
229 1003 380 1050 Elysiis
412 1006 515 1036 tenes
548 1001 590 1035 in
614 1002 691 1036 oris
711 1029 721 1044 ,
756 1015 827 1046 quo
857 1001 1078 1037 Pharsalica
1106 1003 1217 1038 turba
1242 1001 1530 1052 congregatur,

143 1071 181 1100 et
200 1071 238 1100 te
258 1063 384 1099 nobile
404 1075 557 1097 carmen
578 1063 819 1099 insonantem
842 1064 1017 1108 Pompeji
1036 1065 1272 1099 comitantur
1294 1070 1332 1098 et
1356 1066 1529 1101 Catones.

143 1127 273 1163 Minus
304 1126 443 1173 vigoris
471 1123 580 1160 habet
605 1125 784 1160 Silianum
819 1125 1033 1172 phantasma
1052 1152 1061 1168 ‚
1099 1127 1166 1162 etsi
1193 1139 1348 1176 operose
1377 1140 1531 1163 exorna-

144 1196 242 1229 tum,
269 1186 315 1222 de
342 1187 505 1222 Homero
537 1186 580 1223 L.
606 1185 710 1221 XIII.
738 1191 928 1233 778-795.
961 1185 1129 1223 Umbrae
1155 1188 1350 1223 mirantur
1381 1196 1530 1224 utrum·

143 1263 235 1297 que,
265 1247 413 1299 Sappho
431 1255 466 1283 et
493 1248 672 1284 Alcaeum
698 1248 824 1282 dicere
845 1248 964 1295 digna
984 1259 1015 1283 s.
1037 1249 1098 1286 sil.
1119 1277 1129 1293 ,
1156 1250 1364 1287 auscultant
1386 1255 1442 1288 eis
1467 1252 1530 1288 ad-

141 1313 337 1346 miratione
379 1309 542 1353 defixae,
586 1308 824 1352 dicentibus,
863 1311 1102 1351 canentibus,
1140 1312 1367 1348 admirantur
1402 1327 1529 1350 eorum

140 1381 310 1415 cantum,
337 1373 499 1418 dignum
525 1383 631 1406 sacro
655 1371 835 1414 silentio,
864 1375 965 1421 cujus
991 1374 1150 1408 ma'xima
1174 1373 1335 1411 dulcedo
1360 1383 1428 1420 est,
1458 1390 1530 1428 qua

140 1434 318 1470 delinitae
338 1434 526 1470 silentium
551 1441 675 1469 tenent
697 1444 874 1477 sacrum,
899 1433 1008 1485 quale
1027 1436 1063 1469 in
1085 1438 1201 1471 sacris
1227 1435 1393 1479 obtinet,
1421 1439 1529 1474 adeo-

139 1510 211 1548 que
244 1496 486 1534 altissimum;
522 1497 715 1530 maximam
750 1498 831 1532 istis
862 1495 1005 1531 vatibus
1040 1497 1263 1533 audientiam
1299 1498 1449 1536 umbrae
1481 1501 1531 1536 fa—

142 1559 256 1592 ciunt·
290 1557 344 1593 De
376 1555 588 1592 silentio.in
621 1558 734 1593 sacris
769 1570 830 1593 res
861 1558 1099 1608 pervulgata3
1128 1573 1158 1594 v,
1187 1559 1253 1594 111.
1284 1572 1317 1594 ι.
1345 1571 1378 1597 2.
1405 1562 1529 1600 Tanto

142 1622 260 1669 aptius
291 1627 410 1654 autem
442 1619 514 1655 hoc
542 1618 730 1668 epitheton
764 1618 894 1656 haberi
927 1618 1066 1661 debet.
1093 1633 1197 1666 oum,
1225 1622 1325 1673 quod
1351 1631 1432 1658 vate
1459 1626 1525 1659 ali-

142 1695 214 1732 quo
239 1682 440 1726 insigniore
467 1688 622 1716 canente
645 1680 702 1716 vel
726 1681 795 1730 ipsi
828 1688 978 1715 naturae
1001 1681 1188 1716 silentium
1220 1684 1376 1732 imponit
1405 1694 1530 1734 poeta-

141 1754 223 1777 rum
243 1742 484 1792 phantasma,
513 1744 570 1787 (v.
596 1742 642 1776 ad
667 1743 695 1775 Ι.
725 1753 780 1786 15.
807 1743 857 1781 3.)
892 1748 967 1774 tum
994 1741 1093 1790 qum-l
1119 1750 1251 1790 poetae
1277 1743 1464 1793 Apollinis
1491 1752 1529 1780 et

140 1805 331 1841 Musarum
349 1805 557 1840 sacerdotes
572 1802 721 1837 audiunt
740 1829 749 1842 ‚
774 1814 864 1852 quos
889 1802 981 1838 adeo
1000 1802 1224 1839 carminibus
1245 1805 1404 1854 ipsorum
1427 1819 1530 1856 prae—

138 1865 209 1900 fari
242 1863 419 1900 decebat:
458 1860 621 1908 Εὔφημος
644 1860 701 1895 πᾶς
731 1857 790 1897 ἕςω
822 1859 917 1907 λεώς,
945 1861 1061 1906 arduo:
1091 1869 1308 1907 συγκλείσας.
1336 1870 1524 1919 Aristoph-

141 1925 368 1974 Thesmopb.
397 1934 456 1966 39.
493 1924 553 1974 qui
581 1925 658 1973 ipse
690 1923 793 1958 locus
821 1924 866 1959 de
894 1924 1080 1963 Musarum
1109 1930 1220 1964 sacris
1242 1930 1331 1976 agit.
1358 1931 1528 1983 Sequitur

142 1989 261 2023 enim:
302 1980 462 2029 ἐπιδημεῖ
493 1986 560 2031 γάρ
595 1987 712 2018 θίασος
739 1983 867 2019 Μκσῦν
891 1984 989 2022 ἔνδον
1017 1984 1196 2033 μελαθρᾶν
1231 1989 1291 2025 τῶν
1316 1990 1528 2028 δεσποσυναῖν

141 2045 347 2093 μελοποιῶν.
375 2066 418 2073 -
444 2046 566 2093 Magis
602 2055 721 2083 tamen
758 2049 887 2084 Alcaei
924 2046 1053 2087 cantus
1095 2053 1242 2090 umbras
1278 2062 1390 2093 tenet.
1429 2057 1527 2094 Vide

142 2123 250 2160 quam
273 2115 396 2144 ornate
426 2109 515 2144 haec
542 2116 650 2158 poeta
677 2110 870 2146 extulerit!
908 2111 1055 2160 Vulgus
1087 2118 1234 2153 omnino
1264 2130 1331 2166 pro
1366 2119 1527 2154 multitu.

141 2171 229 2206 dine
267 2170 513 2211 Umbrarum,
562 2177 600 2204 ut
638 2182 835 2218 etz-sangae
871 2174 1013 2220 vulgus
1050 2175 1160 2210 Ditis
1196 2178 1350 2215 eaedem
1389 2181 1526 2218 senec,

143 2233 281 2284 oedip.
317 2240 400 2279 598.
428 2239 465 2268 el
490 2232 583 2267 Sial-
622 2231 744 2269 Tlhel).
770 2235 835 2271 ῙΥ.
861 2243 943 2281 519.
970 2256 1015 2264 --
1040 2237 1223 2282 densum,
1263 2242 1525 2280 condensatum

140 2297 332 2339 humeris,
366 2295 633 2343 constipatum3
660 2295 832 2344 graphice
857 2307 1007 2342 prorsus
1019 2299 1064 2334 de
1087 2301 1314 2338 auscultante
1339 2312 1447 2355 atque
1471 2307 1526 2339 in-

138 2359 263 2395 hiante
290 2357 418 2393 Alcaei
443 2357 565 2391 cautui
589 2356 835 2395 multitudine.
861 2378 899 2384 —
921 2358 1017 2394 bibit
1040 2373 1150 2404 aure,
1177 2364 1296 2400 haurit
1319 2366 1452 2410 avide,
1474 2370 1526 2404 in.

140 2428 238 2457 tente
262 2419 386 2464 audit3
414 2427 502 2454 nota
527 2416 703 2469 loquendi
735 2421 887 2456 ratione.
917 2422 1121 2474 Exempla,
1149 2428 1178 2460 si
1213 2430 1303 2462 tanti
1329 2437 1400 2472 est,
1436 2438 1524 2479 pete

140 2495 160 2517 a
185 2482 322 2518 Mai-kl.
348 2481 393 2516 ad
421 2478 513 2515 Stat.
538 2479 630 2515 silv.
657 2479 701 2514 V.
729 2490 761 2515 1.
789 2485 846 2525 58.
874 2482 927 2518 Ita
954 2491 989 2519 et
1013 2483 1123 2528 sitis,
1151 2486 1262 2521 sitire
1284 2492 1335 2531 (v.
1362 2503 1394 2527 c.
1418 2489 1528 2525 Clam·

142 2543 240 2579 dian.
266 2543 436 2579 XXXIV.
469 2554 524 2586 ¹9·
552 2542 727 2575 sitientes
751 2544 923 2593 carmina
949 2549 1081 2591 rupes)
1109 2548 1153 2583 de
1180 2549 1355 2585 audiendi
1381 2554 1523 2603 cupidi-

135 2612 220 2641 tate.
248 2607 379 2641 Avien.
404 2605 530 2640 Desor.
568 2604 615 2639 Ο.
642 2608 722 2640 261.
754 2603 985 2652 Sudor-isque
1008 2609 1087 2642 mei
1106 2611 1242 2655 patulo
1273 2610 1358 2646 bibe
1383 2616 1520 2649 carmi-

137 2678 185 2700 na
203 2665 303 2701 rictu
320 2694 330 2709 ‚
357 2666 495 2703 insulso
517 2667 696 2702 acumine·
724 2686 768 2693 -
794 2667 948 2711 Pugnat
973 2669 1150 2708 Alcaeum
1173 2670 1451 2719 decantantem,
1478 2683 1516 2712 et.

667 2722 683 2737 Ἰν
