1779 3085
701 251 754 259 -.
846 225 929 298 630
1018 250 1072 257 ..-

210 345 367 378 retinere
398 341 546 384 valeat,
586 340 741 379 fortius:
778 355 846 377 non
869 341 1080 392 relinquunt
1113 343 1278 382 tectum,
1315 352 1455 390 semper
1479 344 1602 390 jacent

208 406 290 438 ante
313 401 409 438 fores
434 401 635 445 (exclusos
660 403 756 438 enim
778 415 798 437 a
818 402 942 452 puella
968 403 1120 450 cogita)
1148 400 1294 451 puellae
1316 401 1482 447 impiae,
1507 398 1603 438 fr'auss

210 464 408 504 distentae,
440 466 611 512 perjurae
628 488 639 506 ‚
677 476 784 514 quam
815 463 873 498 vel
894 464 950 498 sic
973 462 1174 496 dominam
1199 476 1298 497 suam
1323 462 1479 497 salutant
1495 490 1505 506 ‚
1542 467 1603 499 cu*

208 529 263 574 jus
295 526 449 575 imperio
486 523 545 559 vel
581 526 633 559 sic
671 533 815 573 parent.
838 543 885 552 —
916 534 973 561 20.
1007 525 1086 560 Etsi
1115 528 1189 574 jam
1211 534 1321 571 saepe
1351 523 1493 558 minati
1513 527 1600 560 'sint

210 600 248 622 ae
277 600 357 622 eam
380 586 571 622 relicturos
591 599 601 624 ε
644 588 803 624 suaviter
822 587 870 623 ad
893 596 1058 624 naturam
1085 589 1221 624 amoris
1251 595 1287 624 et
1309 585 1357 622 ad
1378 584 1517 622 formae
1541 583 1604 636 po-

210 651 359 684 tentiam
383 647 669 695 designandam!
702 649 892 699 Ejusmodi
919 651 1039 686 minae
1059 657 1261 686 amatorum
1288 649 1414 684 inanes
1437 649 1474 684 in
1495 650 1605 684 erotiss

211 711 264 745 cis
290 712 408 759 poetis
434 710 522 744 satis
548 708 694 746 obviae.
743 718 745 723 '

302 783 339 805 v.
379 780 436 806 21.
474 781 556 816 sqq·
619 770 738 806 Docta
778 772 1051 806 enumeratione
1088 779 1280 808 exornatur
1314 770 1471 820 amplius
1507 779 1607 807 ante-

211 831 421 868 cedentium
454 842 620 865 versuum
657 834 851 867 sententia.
902 831 1054 866 Matres
1087 836 1125 865 ie
1159 836 1363 875 metuunt,
1395 831 1524 867 tim'ent
1557 837 1607 867 ne'

206 891 380 936 juvenci,
407 894 482 926 nati
520 893 609 937 sui,
642 893 842 930 adultiores
877 894 988 938 facti,
1028 894 1304 944 pulchritudine
1344 902 1403 928 tua
1443 895 1607 929 irretian-

212 962 281 989 tur.
337 953 514 998 quenci,
552 968 623 989 non
652 956 732 989 sine
765 956 919 995 virtute,
959 957 996 990 in
1037 968 1074 990 re
1109 956 1300 1004 turpicula.
1339 953 1386 990 cf.
1418 954 1471 989 Il.
1508 964 1541 995 5.
1572 960 1607 989 14

215 1033 253 1039 -—
280 1024 387 1047 senes
409 1021 586 1056 metuunt,
610 1029 655 1050 ne
675 1014 741 1049 filii
766 1016 986 1051 meretriciis
1014 1017 1083 1050 tuis
1109 1014 1250 1050 artibus
1275 1014 1322 1049 ad
1340 1013 1436 1050 bona
1456 1014 1607 1065 profun-

213 1074 334 1110 denda
362 1074 605 1120 inducantur,
641 1089 685 1110 ne
724 1077 794 1124 ipsi
830 1082 981 1123 argento
1011 1077 1274 1121 em1·ngantur‚
1310 1077 1412 1121 cujus
1436 1078 1489 1110 rei
1509 1075 1604 1111 bene

213 1138 327 1172 multa
344 1137 487 1173 Comici
513 1137 681 1187 exempla
702 1137 950 1187 suppeditant.
1001 1137 1169 1172 Suaviter
1195 1148 1308 1179 vero,
1338 1143 1374 1171 et
1396 1147 1441 1171 ex
1463 1138 1516 1172 rei
1546 1144 1607 1171 na:

216 1207 294 1234 tura
317 1209 433 1235 mater
457 1197 588 1248 pudori
610 1198 676 1233 filii
694 1225 704 1241 ,
737 1207 842 1248 pater
867 1211 976 1235 senex
1003 1200 1225 1249 patrimonio
1249 1212 1314 1233 suo
1340 1199 1476 1233 timet.'
1506 1198 1602 1233 Hinc

210 1272 373 1307 parcus,
403 1260 572 1310 adposito
594 1259 640 1295 ad
663 1273 741 1296 rem
764 1262 944 1310 epitheto.
975 1281 1019 1287 —
1053 1269 1089 1296 et
1112 1261 1281 1305 virgines
1307 1270 1448 1304 nuper,
1481 1269 1608 1294 recens

213 1326 378 1365 nuptae,
405 1330 502 1367 κοραι
528 1321 750 1366 οἱρτίγαμοι,
778 1319 988 1364 νεόιιυμφοι,
1015 1322 1161 1357 vixdum
1184 1322 1397 1359 maritatae,
1420 1317 1491 1354 'ubi
1513 1318 1610 1355 adeo'

213 1390 343 1418 recens
365 1381 485 1417 adhuc
511 1394 612 1417 amor
634 1390 711 1424 est,
745 1381 802 1417 vel
829 1382 897 1416 hae
918 1383 952 1417 te
976 1384 1138 1417 metuunt
1165 1383 1240 1417 suis
1260 1382 1401 1417 maritis
1419 1407 1429 1424 ,
1458 1382 1609 1423 timent,

214 1457 261 1479 ne
308 1444 430 1478 mariti
473 1443 526 1476 sui
570 1440 760 1477 illecebris
798 1441 869 1476 tuis
906 1440 1168 1483 detineantur,
1205 1455 1227 1478 a
1259 1455 1296 1478 se
1334 1442 1610 1479 abstrahantur.·

216 1504 312 1538 Hinc
340 1502 526 1546 miserae,
564 1502 610 1537 ob
643 1504 737 1539 hanc
773 1505 1023 1544 anxietatem;
1061 1505 1133 1538 nisi
1163 1505 1281 1553 potius
1313 1504 1360 1539 ad
1388 1505 1520 1540 amoris
1544 1515 1609 1538 ve-

215 1563 439 1598 hementiam
477 1565 513 1597 in
551 1577 642 1599 novo
676 1566 845 1610 conjugio
880 1564 1017 1599 referre
1059 1573 1236 1613 praestat.
1275 1585 1313 1591 -
1362 1571 1429 1601 tua
1459 1577 1506 1598 ne
1537 1569 1608 1599 ret.

218 1635 313 1656 aura
343 1635 440 1660 mar.
491 1622 608 1659 Mirus
645 1631 699 1659 est
737 1624 921 1659 dissensus
956 1624 1081 1674 Intpp.
1115 1633 1164 1662 et.
1202 1625 1284 1661 VV.
1314 1627 1397 1661 DD.
1420 1628 1482 1677 qui
1509 1626 1606 1661 bunc

217 1685 337 1720 locum
358 1686 578 1731 attigerunt,
617 1687 651 1719 in
673 1685 927 1720 constituenda
947 1696 1087 1726 aurae,
1117 1686 1215 1721 unde
1243 1689 1424 1721 sententia
1446 1686 1606 1735 pendet,

219 1747 365 1780 notione
390 1745 425 1778 h.
448 1745 471 1779 l.
509 1745 656 1779 Servius
686 1746 864 1795 (quocum
889 1746 1030 1780 Nestor
1054 1746 1141 1781 facit
1169 1748 1202 1780 in
1227 1745 1369 1782 vocab.
1396 1747 1463 1782 hac
1491 1752 1608 1787 voce)

217 1805 265 1839 ad
319 1806 422 1852 Virg.
463 1808 557 1840 Aen.
599 1805 662 1840 Vl.
705 1815 785 1846 204.
834 1804 881 1840 de
923 1804 1122 1854 splendore
1164 1819 1195 1841 s.
1242 1805 1519 1855 pulchritudine
1553 1819 1609 1841 ca-

218 1868 367 1919 piebat·‚
405 1883 478 1920 quo
500 1883 605 1904 sensu
628 1877 663 1905 et
688 1871 725 1904 in
753 1869 858 1917 Virg.
882 1869 909 1905 l.
930 1870 957 1904 l.
983 1878 1018 1906 et
1039 1868 1128 1922 alibi
1167 1866 1309 1910 (veluti
1335 1867 1522 1903 Prisciano
1544 1867 1610 1904 Pe-

218 1932 310 1977 rieg.
341 1939 442 1967 1020-
481 1931 603 1977 iaspis
634 1943 729 1965 aura
765 1929 882 1974 virid}
919 1931 1112 1976 splendere
1137 1931 1295 1973 dicitur)
1319 1930 1492 1965 occurrit.
1543 1930 1613 1965 Eo·

220 1991 305 2026 dem
339 2005 447 2027 sensu
484 1991 618 2034 ἀῦτμῆν
655 1993 808 2027 Graecis
831 1990 1024 2033 abhiberi,
1051 1993 1191 2039 notavit
1213 1991 1262 2027 ad
1286 1992 1390 2038 Virg.
1412 1989 1438 2026 l,
1463 1991 1488 2024 1.
1513 1992 1612 2040 Hey·

221 2055 335 2096 nius,
396 2052 544 2088 laudato
591 2052 737 2087 Callim.
785 2053 832 2087 H.
868 2054 902 2087 in
933 2054 1042 2089 Dian.
1087 2064 1161 2092 117·
1202 2055 1258 2087 cui
1297 2052 1390 2087 adde
1429 2054 1478 2088 sis
1514 2052 1611 2088 lucu-⁷

222 2114 363 2149 lentum
408 2114 546 2164 Orphei
595 2115 713 2149 locum
754 2118 843 2162 Arg.
887 2124 990 2159 1219·
1024 2114 1072 2149 de
1120 2113 1315 2163 splendida
1358 2112 1485 2149 Circes
1534 2113 1613 2163 pul-

224 2174 461 2215 chritudine3
507 2175 644 2216 ΣτίλΙπ
687 2171 727 2208 δὲ
768 2174 862 2208 καλοὶ
902 2175 1093 2220 πρόσωπα,
1155 2174 1290 2219 φλογὸς
1319 2171 1362 2208 “δ’
1412 2171 1615 2218 ἀπέλαμπεν

223 2232 349 2277 ἀϋτμή.
401 2236 533 2269 Durius
567 2238 684 2271 tamen
721 2237 755 2270 h.
788 2237 812 2270 l.
838 2235 1002 2272 ahsolute
1035 2238 1089 2272 sic
1127 2225 1285 2285 positum
1316 2235 1434 2271 videri
1472 2233 1612 2276 debet,

224 2295 519 2345 quandoquidem
554 2298 588 2330 in
622 2296 790 2332 omnibus
824 2295 919 2332 locis
944 2296 1129 2346 adjectum
1155 2296 1296 2347 aliquid
1322 2296 1579 2346 deprehendas
1598 2323 1608 2339 ‚

223 2355 322 2406 quod
355 2356 402 2390 ad
437 2357 528 2392 hanc
561 2357 770 2406 splendoris
802 2360 988 2395 notionem
1024 2372 1133 2394 manu
1168 2360 1274 2410 quasi
1309 2358 1430 2393 ducat.
1482 2353 1546 2391 Sic
1572 2358 1608 2391 in

225 2411 372 2452 Callim-
416 2427 473 2453 est
516 2416 658 2461 φάεος
693 2417 810 2462 ἀϋτμή
846 2421 880 2453 in
924 2418 1039 2469 Orph.
1079 2419 1269 2463 φλογδς
1313 2418 1610 2460 ἀπέλαμπεν

224 2479 260 2513 ἀ.
284 2482 320 2515 in
339 2479 441 2526 Virg.
462 2490 546 2513 aura
572 2479 749 2526 refulsit,
784 2482 818 2514 in
843 2480 961 2516 Prisc.
989 2492 1075 2514 aura
1096 2478 1277 2524 splendet.
1328 2479 1481 2514 Acronis
1505 2479 1614 2514 scho-

226 2543 302 2579 lion
338 2551 426 2586 „aut
465 2541 646 2586 facilitas,
695 2553 768 2592 qua
805 2543 840 2576 in
880 2552 1041 2576 amorem
1087 2539 1310 2575 trahuntur:
1354 2547 1414 2574 aut
1452 2552 1615 2586 unguen·

227 2612 346 2639 torum
378 2604 491 2644 odor,
524 2610 562 2636 ut
595 2603 674 2651 ipse
702 2603 897 2650 superius“
928 2601 1227 2648 auraefisllucis
1254 2608 1313 2636 aut
1347 2599 1513 2635 mutilum
1536 2606 1611 2641 est,

227 2674 301 2708 aut,
336 2666 436 2717 quod
488 2665 606 2700 verius
647 2664 815 2701 existimo
838 2690 849 2707 ,
909 2661 1036 2700 ultima
1082 2665 1160 2711 ejus
1204 2661 1250 2696 ab
1296 2663 1421 2712 inepto
1464 2661 1613 2696 homine
