1779 3085
705 226 761 235 ...
850 208 929 257 641
1024 225 1078 232 .-

540 319 1088 368 '‘ARGUMENTUM.
1138 323 1201 367 X

669 467 1057 489 mmmmm

172 592 450 664 Licinius
492 620 668 664 Varro
702 620 1004 674 ssluraena‚
1056 615 1338 677 Proculeji
1369 635 1433 662 ac
1465 620 1558 664 Te;

168 687 376 728 rentiae
399 680 629 744 frater,
681 686 830 728 homo
869 686 1216 729 turbulentus
1262 689 1420 742 atque
1450 696 1554 730 am*

169 752 398 806 biliosus
418 784 429 804 ‚
466 768 522 795 eo
548 751 780 795 maxime
811 750 1038 793 consilio
1060 750 1350 808 pristinam
1381 751 1554 793 dicen-

167 815 223 857 di
277 819 577 876 agendique
620 816 931 860 libertatem
976 817 1033 858 in
1074 830 1246 873 aegra
1284 831 1345 859 ac
1383 818 1548 872 plane

167 880 415 938 deposita
449 883 728 940 republica
763 882 1016 924 tuebatur
1031 879 1426 938 jactabatque,
1463 888 1550 936 ut,

164 948 367 992 novam
402 949 641 1008 Augusti
678 947 1093 990 dominationem
1135 946 1322 989 acerbe
1362 948 1551 1007 exagi-

171 1012 373 1065 tando,
424 1013 667 1070 omnique
703 1011 854 1054 modo
904 1013 960 1053 in
997 1011 1259 1054 invidiam
1307 1012 1545 1055 vocando

169 1075 362 1135 (cujus
393 1079 610 1138 insigne
643 1077 938 1133 exemplum
976 1083 1233 1120 memorat
1259 1076 1364 1120 Dio
1400 1077 1543 1121 LIV.

160 1142 230 1184 5.)
276 1144 532 1198 populum
565 1144 636 1188 ad
671 1158 754 1186 res
793 1158 960 1186 novas
999 1144 1264 1203 erigeret,
1312 1142 1544 1198 imperii-

160 1222 256 1263 que
281 1204 534 1266 formam
576 1210 730 1252 nocis
758 1208 891 1252 belli
929 1209 1110 1252 civilis
1127 1207 1389 1250 incendiis
1424 1209 1542 1252 sub-

161 1277 348 1317 rueret
403 1279 560 1332 atque
631 1280 909 1318 everteret.
977 1275 1067 1317 Ila
1117 1274 1253 1317 enim
1292 1287 1315 1314 e
1346 1274 1539 1325 medio-

161 1338 265 1379 cris
291 1334 570 1396 fortunae
599 1345 750 1383 statu
777 1354 828 1382 se
860 1354 1183 1383 emersurum
1203 1371 1214 1387 ,
1249 1340 1536 1395 pristinas-

155 1416 251 1458 que
295 1401 638 1459 facultates,
701 1419 833 1462 quas
879 1406 1279 1462 proscriptione
1329 1406 1535 1448 amisis-

152 1474 258 1518 set,
308 1470 769 1528 amplissimosque
811 1470 1044 1513 honores
1092 1485 1146 1513 se
1188 1478 1533 1525 recuperatu-

154 1546 269 1575 rum
307 1540 466 1591 atque
520 1540 968 1593 consequuturum
1017 1527 1347 1593 confidebat.
1428 1537 1531 1579 Ho-

151 1598 330 1640 ratius
363 1599 539 1660 igitur
561 1632 573 1650 ,
623 1601 714 1659 qui
746 1601 953 1644 Licinii
985 1601 1147 1659 probe
1193 1606 1530 1657 perspectam

151 1661 375 1707 haberet
411 1667 645 1711 indolem
667 1696 679 1717 ‚
717 1681 781 1709 ac
801 1662 990 1725 facile
1018 1666 1395 1723 praevideret,
1427 1669 1528 1724 quo*

153 1727 239 1769 res
283 1727 580 1789 aliquando
619 1729 850 1774 evasura
906 1737 1043 1773 esset
1073 1760 1084 1782 ‚
1136 1744 1234 1787 quo
1284 1730 1528 1774 ambitio-

148 1807 262 1836 sum
299 1801 457 1852 atque
498 1798 835 1852 impotentem
869 1792 988 1852 ejus
1025 1796 1287 1846 animum,
1324 1796 1413 1853 qui
1438 1811 1526 1839 ne·-

148 1871 245 1913 que
305 1861 632 1915 temporibus
689 1861 923 1911 servire,
983 1871 1150 1917 neque
1206 1859 1524 1904 mediocrem

147 1917 439 1974 fortunam
459 1921 625 1983 ferre
668 1930 874 1980 posset,
922 1924 993 1967 ad
1024 1925 1251 1967 saniora
1288 1926 1520 1971 consilia

146 1993 486 2033 converteret
509 2020 521 2041 ‚
556 1989 740 2032 sedulo
777 1991 824 2032 ei
853 1990 949 2032 hoc
968 1991 1207 2033 carmine
1241 2005 1355 2034 eam
1386 2006 1520 2036 com-

141 2051 359 2094 mendat
389 2056 560 2098 animi
591 2055 1006 2098 moderationem
1037 2059 1195 2114 alque
1224 2061 1519 2112 temperan-

143 2117 302 2168 tiam,
340 2134 474 2176 quae
512 2121 749 2176 periculi
784 2125 925 2163 metu
961 2135 992 2163 a
1030 2120 1292 2163 conandis
1329 2122 1516 2165 arduis

124 2177 310 2238 facile
347 2186 644 2239 abstineat,
704 2201 866 2245 neque
908 2191 1086 2228 tamen
1130 2186 1201 2230 ad
1240 2187 1512 2230 humilita-

140 2251 241 2292 tem
275 2262 327 2290 se
357 2251 585 2307 deprimi
625 2253 902 2307 patiatur,
950 2250 1039 2294 sed
1074 2251 1140 2293 ab
1185 2252 1395 2295 invidia
1429 2267 1510 2295 ae-

138 2327 233 2369 que
284 2321 443 2373 atque
495 2322 765 2369 contemtu
807 2322 924 2359 tuta
972 2315 1197 2360 medium
1241 2318 1508 2376 quoddam.

133 2385 398 2435 sectetur5
434 2382 630 2439 hocque
657 2382 947 2425 maximum
988 2383 1405 2442 momentumvad
1428 2384 1505 2426 be-

134 2457 199 2486 ne
235 2445 484 2505 beateque
524 2448 803 2490 vivendum
852 2446 1070 2510 efficere
1112 2450 1209 2491 ait.
1277 2451 1503 2492 Animus

134 2511 272 2554 enim
299 2512 364 2555 ab
394 2512 706 2556 ambitionis
740 2513 918 2556 studio
959 2515 1034 2557 sic
1063 2515 1227 2571 plane
1252 2515 1499 2566 alienus,

131 2576 469 2632 splendidam
498 2575 830 2636 fortunam,
879 2579 1060 2636 utpote
1107 2580 1369 2622 lubricam
1423 2580 1499 2620 in-

132 2642 411 2700 vidiaeque
451 2644 737 2689 obnoxiam
764 2675 778 2699 ,
826 2646 907 2689 uti
954 2646 1167 2690 minime
1213 2645 1495 2702 suspiciet5

193 2720 228 2762 Ι.
264 2719 401 2767 ἕὸαηδι
486 2733 488 2735 “
1157 2722 1185 2767 S
1223 2739 1246 2774 s,
