1779 3085
708 192 764 204 ’-·-·
857 186 935 224 333
1029 196 1083 201 ·“·

209 294 316 329 tantis
343 290 514 328 laudibus
542 304 600 325 vv.
625 299 666 324 12
693 306 740 316 —
765 299 819 329 14.
847 287 1042 324 extulerat.
1069 305 1115 315 —
1136 284 1338 331 fulgentia
1363 287 1611 334 signisstriili·

205 354 359 397 taribus,
387 353 523 405 aquilis
549 353 670 386 aureis
695 349 792 385 aliis.
813 351 988 400 graphice
1011 351 1092 384 hoc.
1126 368 1173 376 —
1198 354 1340 394 tenent,
1377 354 1406 386 si
1439 352 1491 386 ihi
1530 363 1612 386 ver-

201 420 311 462 saris,
341 430 396 453 es.
420 435 466 445 -
499 414 616 448 densa
643 425 837 449 nemorum
873 410 1012 446 umbra
1041 413 1141 447 circa
1185 411 1301 446 Tibur
1337 418 1473 455 tuum,
1508 412 1610 466 quod

205 480 292 518 ideo
316 492 428 520 anias,
455 476 626 512 lubenter
654 475 706 511 ibi
731 477 897 512 moraris.
946 475 1059 511 Forte
1086 477 1196 511 etiam
1224 477 1257 510 in
1287 489 1329 511 ea
1355 478 1504 522 regione
1544 477 1611 512 vil-

203 543 276 579 lam
298 543 456 578 Plancus
481 537 660 575 habebat.

293 616 325 640 v.
349 613 503 649 2=.sqq.
533 602 780 644 Sententiam,
804 603 889 637 vino
912 615 1016 638 curas
1043 613 1125 637 esse
1151 600 1366 650 abigendas,
1390 615 1433 638 ac
1452 599 1610 641 meliora

195 666 389 718 speranda,
413 665 605 717 praeclare
629 673 740 716 poeta
752 666 944 708 animavit,
968 678 1221 716 summamque
1245 666 1280 699 ei
1297 666 1368 700 vim
1387 676 1432 699 ac
1449 669 1609 712 gravita-

194 739 270 766 tem
290 729 528 773 conciliavit,
560 728 647 763 dum
684 726 853 763 nobilem
884 730 1030 778 priscae
1065 729 1296 779 antiquitatis
1327 728 1487 767 heroem
1525 741 1607 764 cam

192 793 486 844 praecipientem
515 790 670 827 inducit.
697 791 754 825 De
784 789 1014 832 conditione,
1041 790 1148 825 Aiaci
1176 799 1211 824 et
1240 789 1404 832 Teucro,
1433 789 1609 825 Telamo-

194 855 250 889 nis
271 854 372 895 siliis,
397 868 441 889 ne
467 854 563 888 alter
589 854 667 889 sine
695 852 813 888 altero
841 854 874 886 in
900 855 1058 902 patriam
1098 852 1254 895 rediret,
1287 865 1306 887 a
1345 860 1450 902 patre
1473 865 1610 902 propo·

190 918 275 960 sita,
303 916 348 953 de
372 916 587 968 Teucrique
613 915 757 956 exsilio,
782 918 937 966 ejusque
957 914 1003 948 ad
1032 914 1210 964 Cyprum,
1236 916 1270 948 in
1297 928 1368 966 qua
1393 914 1522 949 urbem
1547 928 1608 963 μ’·

193 981 287 1015 triae
315 982 573 1026 cognominem
599 977 792 1020 conderet,
821 977 1035 1027 pervulgata
1059 978 1192 1012 omnia.
1230 991 1261 1013 v.
1286 977 1391 1012 Pind.
1425 976 1532 1011 Nern.
1571 977 1605 1012 δ.

187 1043 248 1082 76-
276 1054 359 1093 sqq.
390 1038 574 1091 Sophocl.
600 1041 658 1076 Ai.
687 1040 790 1086 1036.
817 1041 942 1089 Eurip.
968 1039 1055 1076 Hel.
1084 1051 1140 1086 91.
1178 1039 1282 1087 γῆς.
1317 1040 1414 1075 Aen.
1450 1039 1478 1072 I.
1519 1042 1604 1082 623.

190 1112 226 1139 et
255 1103 390 1139 Vellei.
421 1102 498 1137 Pat.
522 1104 551 1136 1.
580 1113 612 1140 1.
639 1105 718 1137 init.
770 1103 1013 1137 Transsumta
1040 1101 1133 1137 haec
1155 1104 1317 1138 narratio
1340 1101 1435 1137 sorte
1464 1116 1484 1137 e
1515 1116 1604 1151 poe·

189 1173 248 1201 tae
270 1168 392 1211 graeci
421 1165 603 1207 dramate,
629 1166 740 1216 idque
762 1180 781 1202 e
809 1178 934 1206 scena,
963 1163 1025 1199 ubi
1052 1163 1204 1200 Teucer
1238 1167 1272 1200 in
1299 1166 1446 1208 itinere,
1474 1166 1606 1215 adpul-

185 1239 227 1261 sa
252 1227 299 1262 ad
327 1228 413 1263 litus
436 1241 540 1270 nave,
555 1242 637 1263 cum
661 1230 777 1264 sociis
797 1227 1150 1270 Herculi,cxsulum
1167 1228 1246 1263 Deo
1262 1227 1425 1270 tutelari,
1452 1240 1602 1263 sacrum

184 1287 338 1329 faceret,
368 1298 402 1324 et
429 1291 523 1324 inter
545 1290 685 1339 epulas,
710 1289 871 1340 illosque
899 1289 1184 1331 exhilaraturus,
1219 1303 1276 1333 ea,
1314 1303 1408 1339 quae
1446 1301 1603 1340 sequun.

186 1358 256 1392 tur,
284 1351 443 1386 diceret.
494 1350 676 1385 Exstabat
699 1352 812 1385 etiam
838 1351 988 1386 Pacuvii
1019 1351 1211 1396 tragoedia
1228 1378 1239 1394 ,
1268 1350 1410 1389 Teucer
1436 1351 1535 1394 (Cic.
1553 1351 1602 1387 de

186 1412 250 1448 Or.
275 1412 327 1446 11.
351 1412 427 1455 46.)
458 1419 494 1447 et
520 1413 599 1462 ipsa
629 1413 729 1448 haud
753 1413 866 1449 dubie
906 1428 925 1449 e
957 1426 1090 1461 graeco
1127 1413 1298 1463 exemplo
1333 1425 1525 1463 expressa.
1554 1432 1602 1441 —

181 1487 314 1522 quum,
341 1475 446 1517 licet,
473 1474 583 1523 longe
606 1475 795 1513 infelicior
809 1477 1070 1525 te‚fugereta
1093 1477 1249 1526 patrein
1274 1476 1444 1510 exsilium
1456 1477 1598 1527 pulsus,

180 1552 281 1574 mare
305 1537 408 1574 exsul
435 1547 674 1589 pererraret3
700 1545 834 1574 tamen
859 1549 995 1575 tantum
1013 1538 1194 1583 absumat
1218 1538 1332 1574 hocce
1357 1538 1600 1574 infortunium

179 1602 340 1636 animum
363 1606 444 1650 ejus
480 1600 679 1649 frangeret,
718 1611 756 1638 ut
780 1604 930 1653 potius,
958 1604 1043 1637 vino
1082 1601 1329 1644 exhilaratus,
1359 1603 1483 1638 socios
1511 1615 1599 1638 suos

173 1664 414 1713 pristinorum
438 1665 632 1708 malorum,
660 1678 754 1716 quae
780 1664 928 1700 fortiter
956 1665 1145 1706 tulissent,
1178 1662 1440 1699 recordatione
1470 1666 1597 1711 erige·

183 1734 255 1769 ret,
281 1735 316 1763 et
341 1726 390 1762 ad
417 1740 510 1763 nova
537 1727 729 1764 subeunda
754 1729 837 1763 vino
864 1728 1038 1762 invitatos
1065 1727 1259 1765 excitaret.
1311 1725 1501 1761 Teucrum
1539 1739 1599 1763 co-

182 1799 273 1823 rona
301 1798 411 1836 caput
434 1792 608 1833 vinxisse,
638 1791 797 1840 vinoque
819 1802 857 1824 se
882 1788 1020 1835 largius
1036 1789 1224 1825 invitasse,
1251 1787 1362 1820 docte
1394 1785 1597 1820 admodum

176 1856 287 1899 atque
316 1853 464 1886 concise
498 1859 607 1899 poeta
634 1851 803 1885 elocutus
819 1856 886 1883 est.
915 1867 961 1874 —
986 1848 1063 1882 uda
1089 1847 1218 1894 Lyaeo
1236 1853 1411 1894 tempora
1431 1849 1599 1897 proprie,

179 1919 214 1944 et
239 1921 283 1944 ex
311 1923 376 1946 usu
400 1920 590 1962 poetarum
617 1910 793 1962 loquendi
831 1909 997 1945 solenni:
1031 1921 1113 1944 nam
1154 1911 1239 1944 vino
1275 1911 1405 1944 hausto
1438 1918 1596 1955 tument,

181 1972 408 2007 incalescunt
431 1986 474 2009 ac
501 1974 650 2008 madent
679 1972 813 2009 sudore
840 1981 1022 2023 tempora.
1045 1971 1191 2008 Tibull.
1214 1972 1247 2008 I.
1267 1984 1302 2009 2.
1321 1984 1358 2017 3.
1385 1972 1469 2006 Neu
1491 1972 1595 2016 quiu-

179 2045 298 2080 quam
322 2035 448 2069 multo
479 2036 684 2084 perfusum
720 2041 898 2081 tempora
931 2035 1088 2069 Baccho
1117 2036 1277 2069 excitet.
1311 2055 1359 2062 —
1392 2034 1593 2078 vinxisse,

177 2097 353 2131 cinxisse.
384 2115 421 2122 —
447 2097 615 2143 populea
637 2107 779 2131 corona
805 2097 967 2132 solennis
995 2101 1028 2131 in
1059 2100 1173 2133 sacris
1207 2096 1396 2134 Herculis.
1441 2112 1476 2132 v.
1509 2097 1595 2131 Vir·

177 2157 241 2204 gil.
266 2158 361 2193 Aen.
383 2158 486 2195 Vm.
510 2161 588 2196 280.
617 2159 737 2195 Docte
762 2157 855 2194 adeo
883 2167 994 2207 poeta
1029 2160 1180 2195 Herculi
1224 2173 1244 2195 a
1275 2160 1424 2195 Teucro
1456 2159 1593 2194 sacrifi-

175 2220 272 2253 cium
304 2228 473 2268 ‘paratum
499 2222 614 2255 innuit
636 2235 667 2255 v.
694 2219 741 2255 ad
768 2234 800 2254 v·
831 2231 889 2255 21.
918 2239 963 2247 —
990 2231 1048 2263 24.
1073 2221 1225 2263 tristes,
1249 2222 1296 2257 ‹l'e
1323 2222 1446 2267 futuro
1486 2221 1591 2257 solli·

172 2281 269 2315 citos
297 2282 408 2315 etiam
438 2280 486 2317 ob
503 2282 689 2319 exsilium.
741 2281 844 2319 Male
862 2282 974 2335 Cruq.
998 2304 1043 2312 -—
1069 2285 1230 2328 amicos,
1258 2289 1384 2330 φίλους
1410 2281 1586 2330 ἑταίρους.

170 2355 261 2376 mox
285 2340 412 2377 socios
436 2343 558 2379 exsilii
583 2345 636 2380 sui
662 2357 705 2380 ae
729 2345 809 2380 viae
838 2345 999 2380 comites
1032 2346 1165 2383 (fictos.
1183 2367 1228 2376 —
1251 2347 1408 2396 affatus
1431 2345 1479 2381 ad
1504 2360 1591 2382 con-

172 2404 392 2441 solationem
418 2407 571 2441 trahitur
591 2419 612 2443 a
635 2406 833 2451 nonnullis,
859 2416 898 2443 ut
927 2406 975 2443 V.
1014 2411 1069 2447 13.
1108 2414 1167 2449 18.
1196 2410 1295 2462 quod
1330 2411 1496 2460 argutius
1536 2410 1590 2444 vi-

177 2466 300 2503 detur.

274 2542 311 2563 ve
339 2535 384 2569 25
409 2541 487 2578 sqq.
521 2531 753 2580 Quocunque
774 2542 970 2579 terrarum,
995 2536 1030 2570 in
1053 2547 1306 2588 quamcunque
1341 2542 1490 2577 terram,
1521 2547 1587 2570 nos

173 2589 362 2636 Furfuna,
389 2591 643 2641 satumferet‚
670 2597 795 2639 ducet,
818 2611 1071 2650 quamcunque
1092 2593 1204 2633 ‘nohis
1230 2596 1466 2631 habitandam
1487 2598 1586 2632 adsis

172 2654 312 2700 gnabm
342 2653 496 2698 ibimus,
524 2670 664 2699 earnuS‚
689 2672 767 2695 eam
787 2669 967 2709 petamus.
993 2662 1050 2695 Ad
1081 2661 1301 2697 sententiam
1325 2658 1459 2707 virgil.
1487 2659 1584 2696 Aen-
