1779 3085
699 183 1065 236 -658—

209 310 330 338 tamen
364 299 473 337 facile
494 300 645 351 quisque
671 301 706 334 in
730 298 776 343 τῷ
796 311 866 346 que
885 296 928 343 τῷ
949 304 993 333 tu
1024 297 1172 345 adjecto
1208 297 1370 333 haereat·
1424 295 1580 333 Scilicet

208 364 365 408 vulgaris
395 359 666 398 connectendae
694 361 866 396 orationis
887 359 1013 396 modus
1032 366 1131 395 erat:
1156 356 1266 392 Nolis
1298 360 1432 406 exponi
1459 370 1479 392 a
1515 370 1575 392 me

206 423 347 459 bellum
369 423 648 463 Numantinum,
685 429 743 456 aut
765 421 960 462 Punicum,
995 418 1232 467 Lapitharum
1269 430 1350 452 eum
1385 417 1578 453 Centauris

208 497 376 536 pugnam,
403 482 761 532 Gigantomachiam‚
785 488 823 515 ct
846 492 905 515 res
925 493 949 514 a
977 481 1130 513 Caesare
1152 479 1302 525 egregie
1318 484 1463 526 gestas,
1485 489 1578 526 quas

207 553 251 580 tu
274 546 388 582 multo
411 544 540 582 melius
572 553 642 580 cet.
693 543 791 586 Sed,
818 556 863 579 ne
889 543 1112 578 enumeratio
1139 542 1265 576 talium
1280 548 1576 586 argumentorum

208 622 279 644 uno
306 615 476 644 contextu
501 606 680 656 adposita,
705 608 799 652 justo
835 603 1055 654 protractior
1080 602 1282 646 videretur,
1317 602 1468 637 variavit
1498 611 1578 634 ora-

208 672 357 711 tionem,
384 669 524 718 ipsique
556 666 759 701 transitioni
781 666 960 714 posterius
983 663 1210 704 membrum,
1246 663 1344 714 quod
1381 662 1496 698 solum
1529 660 1578 696 ad

206 722 460 766 Maecenatem
489 735 692 776 spectaret,
718 735 827 778 poeta
849 727 991 769 intulit,
1018 728 1069 761 ita
1095 734 1235 767 tamen,
1276 734 1313 759 ut
1347 725 1578 760 incomtioris

208 792 397 832 orationis,
421 788 538 839 qualis
562 790 716 838 primum
734 798 864 839 poetae
897 791 1019 825 animo
1051 786 1330 830 obversaretur,
1368 794 1510 822 retento
1530 778 1578 828 ro}

206 864 275 898 que
300 849 537 885 remanserint
558 850 722 894 vestigia.
769 849 880 884 Paulo
905 849 1088 883 ‹lui-iorem
1100 848 1198 883 hanc
1218 850 1395 883 rationem
1425 860 1504 882 meo
1525 849 1579 892 ju·

206 914 305 947 dicio
331 910 447 945 videri
472 911 540 944 etsi
565 923 635 943 non
658 921 815 955 negem3
849 911 1075 944 verissimam
1110 917 1231 944 tamen
1265 922 1369 951 eam,
1406 919 1581 943 excusan-

208 974 363 1023 dumque
390 971 564 1006 hactenus
586 977 674 1018 puto
711 977 881 1019 poetam,
916 970 1013 1020 quod
1039 968 1131 1004 illud
1165 969 1369 1004 naturalem
1401 969 1581 1004 orationis

207 1033 373 1069 ordinem
399 1033 559 1081 aperiat,
599 1032 722 1080 sicque
752 1034 1005 1082 perspicuitati
1039 1032 1221 1067 inserviat.
1269 1030 1461 1066 Praeclare
1493 1042 1580 1066 vero

205 1103 314 1146 poeta
339 1096 373 1128 in
403 1094 554 1137 Augusti
580 1089 762 1133 laudibus,
785 1091 832 1125 ad
851 1104 938 1142 quas
959 1091 1057 1126 solas
1082 1092 1262 1142 canendas
1288 1101 1368 1126 eum
1393 1103 1414 1125 a
1437 1089 1582 1125 Maece-

208 1164 291 1192 nate
324 1156 520 1190 excitatum
553 1152 665 1187 fuisse
703 1153 858 1186 maxime
895 1151 1089 1200 probabile
1124 1160 1202 1194 est,
1246 1160 1419 1203 tanquam
1451 1153 1587 1200 prima-

208 1220 263 1252 rio
297 1223 507 1261 argumento
553 1213 750 1254 subsistit,
785 1226 918 1263 easque
970 1212 1495 1261 urbanissima⁴conversione
1533 1213 1586 1259 ip-

208 1280 237 1313 si
272 1275 478 1310 Maecenati
517 1271 759 1308 celebrandas
794 1271 954 1319 delegat.
1000 1272 1137 1308 Melius
1175 1282 1211 1308 tu
1247 1273 1369 1317 dices,
1404 1285 1585 1323 expones,

202 1334 443 1385 pedestribus
467 1334 559 1367 lzist.
580 1334 730 1369 historia
749 1333 929 1382 pedestri,
952 1333 987 1368 h·
1011 1333 1132 1370 soluta
1153 1336 1316 1371 oratione
1349 1337 1584 1384 conscripta,

210 1410 320 1448 prosa
343 1398 505 1432 oratione
526 1395 714 1430 enarrabis
741 1394 928 1429 historiam
950 1394 1117 1440 Augusti.
1169 1395 1238 1431 Pro
1271 1395 1342 1431 hoc
1366 1396 1586 1442 magnifice,

207 1457 356 1505 proelia
380 1456 495 1495 Caes..
525 1456 624 1492 bella
648 1455 694 1490 ab
719 1469 761 1491 eo
783 1464 902 1502 gesta,
927 1464 1096 1506 actosque
1138 1460 1216 1505 ejus
1246 1456 1462 1506 triumphos.
1510 1457 1587 1493 Hos

215 1526 382 1559 exornat,
409 1515 595 1566 oculisque
619 1517 697 1552 lere
724 1515 871 1562 subjicit
894 1517 1212 1553 commemorando
1237 1529 1370 1563 regum
1393 1518 1491 1553 colla
1504 1518 1592 1553 duc-

214 1583 279 1619 ta,
303 1589 333 1612 c.
361 1589 482 1622 regum
505 1577 711 1620 ductorum,
734 1589 837 1623 reges
861 1579 1002 1612 catenis
1028 1577 1125 1613 collo
1164 1579 1425 1619 circumdatis,
1458 1579 1587 1615 ductos

213 1646 297 1673 ante
319 1649 462 1672 currum
485 1636 761 1685 triumphalem3
794 1636 860 1672 sed
881 1637 1038 1672 alterum
1062 1637 1323 1686 ’γραφική-ερον.
1349 1639 1491 1675 Eodem
1511 1641 1589 1688 pla-

215 1712 261 1733 ne
286 1696 410 1732 colore
432 1696 596 1744 Propert.
621 1696 667 1731 Π.
693 1705 725 1731 ι.
749 1706 805 1738 33.
834 1697 915 1731 Aut
934 1710 1104 1732 canerem
1116 1710 1249 1744 regum
1260 1700 1407 1733 auratis
1428 1700 1590 1733 circum-

215 1759 306 1793 data
332 1757 431 1790 colla
451 1755 606 1789 catenis.
629 1756 740 1791 Ovid.
767 1757 886 1792 Trist.
922 1758 986 1794 lv.
1019 1769 1056 1793 2.
1088 1759 1147 1802 45.
1184 1760 1358 1804 Collaque
1392 1760 1590 1796 Romanae

214 1817 395 1864 praebens
416 1819 588 1852 animosa
612 1818 733 1852 securi
751 1818 900 1852 vincula
910 1819 998 1866 fert
1018 1817 1103 1862 illa,
1130 1830 1204 1865 qua
1230 1820 1324 1854 tulit
1357 1832 1480 1865 arma,
1511 1834 1591 1857 ma-

216 1890 280 1911 nu.
303 1897 346 1905 —
365 1888 433 1921 per
458 1876 538 1911 vias
563 1876 677 1921 urbis,
702 1880 865 1931 maxime
878 1890 943 1924 per
969 1877 1116 1914 Sacram
1142 1881 1251 1923 viam,
1277 1883 1340 1924 (V,
1369 1893 1402 1928 7.
1432 1888 1466 1922 8.
1497 1898 1591 1935 quae

219 1938 480 1988 triumphantes
510 1940 546 1973 in
568 1940 789 1989 Capitolium
814 1939 982 1976 ducebat.
1002 1957 1047 1966 -·-
1069 1940 1281 1976 minacium
1295 1969 1305 1984 ‚
1329 1945 1509 1980 ferocium
1531 1945 1594 1981 ad·

219 2000 305 2042 huc,
336 2002 393 2044 (ut
418 2000 529 2038 ovid.
555 2001 579 2036 l.
607 2000 633 2037 Ι.
655 2005 727 2044 31.)
747 2003 782 2037 in
808 2004 885 2052 ipsa
904 2009 1020 2038 morte
1045 2005 1115 2038 iras
1143 2005 1373 2052 spirantium.

313 2073 346 2094 v.
374 2066 429 2101 ¹3·
455 2062 635 2113 Equidem
660 2062 755 2104 levia
776 2070 916 2097 tantum
936 2070 1144 2109 argumenta
1169 2072 1322 2100 tractare
1352 2078 1523 2114 possum,
1555 2067 1594 2100 in

221 2123 360 2160 lusibus
382 2139 424 2160 ac
456 2128 547 2173 jocis
572 2127 678 2161 unice
712 2124 821 2160 Musa
854 2137 935 2160 mea
968 2132 1180 2174 occupatur.
1228 2124 1298 2161 Pro
1334 2127 1403 2161 hoc
1435 2126 1596 2162 suaviter

222 2194 352 2236 poeta:
384 2186 599 2234 Licymniae
624 2185 695 2222 soli
726 2197 854 2222 vacare
888 2198 984 2221 nunc
1009 2198 1183 2235 possum,
1215 2186 1322 2232 hujus
1358 2185 1595 2236 pulchritudo

223 2259 267 2281 ac
288 2248 405 2293 gratia
430 2261 553 2283 omnes
578 2260 675 2283 meas
710 2246 758 2281 ad
784 2259 823 2282 se
847 2248 1025 2281 convertit
1046 2247 1300 2292 cogitationes,
1325 2247 1360 2282 in
1386 2248 1490 2295 hujus
1519 2245 1594 2282 lau·

226 2305 332 2341 dibus
359 2307 592 2343 celebrandis
609 2321 701 2344 nunc
728 2317 823 2344 totus
845 2321 938 2343 sum.
964 2305 1130 2344 Suaviter
1157 2308 1249 2344 baec
1283 2311 1437 2357 Augusti
1474 2309 1597 2342 trium-

230 2368 314 2417 phis
341 2370 490 2417 opponit
517 2378 641 2418 poeta.
691 2371 774 2411 Me,
794 2381 855 2402 me
883 2382 965 2419 cum
992 2371 1025 2404 vi
1051 2372 1241 2419 repetitum
1266 2378 1303 2404 ut
1328 2368 1357 2404 I.
1386 2373 1418 2405 6.
1448 2378 1500 2413 17.
1514 2367 1595 2400 Nos

231 2431 413 2470 convivia,
434 2440 501 2462 nos
538 2438 608 2467 cet,
643 2429 759 2464 Musa
783 2430 922 2471 voluit,
948 2429 1074 2478 jubet,
1099 2432 1238 2466 excitat
1270 2444 1327 2466 me
1353 2429 1486 2470 dicere,
1514 2440 1596 2463 can-

232 2497 323 2531 tare,
347 2490 522 2526 extollere
542 2490 665 2523 dulces
683 2495 827 2534 cantus,
846 2505 990 2527 suavem
1015 2503 1145 2527 vocem
1174 2492 1269 2536 Lim,
1295 2504 1400 2543 quam
1431 2492 1519 2525 scite
1547 2487 1596 2523 ad

234 2551 354 2601 lyram
379 2559 485 2587 canat
516 2551 720 2599 Licymnia.
769 2552 855 2587 Erat
886 2553 979 2589 adeo
1011 2553 1237 2589 citharistria
1268 2560 1302 2587 et
1333 2552 1511 2602 psaltria,
1544 2551 1596 2584 uti

238 2612 353 2649 Chloe
379 2614 504 2649 dulces
529 2614 640 2652 docta
665 2613 797 2648 modos
830 2618 867 2648 et
889 2614 1058 2650 citharae
1086 2616 1204 2650 sciens
1239 2613 1340 2651 audit
1366 2613 1444 2659 ¹111.
1472 2619 1506 2655 9.
1541 2618 1597 2647 10.

1736 734 1737 737 „
1724 646 1741 721 *mss*

1735 1301 1739 1308 .
1727 1071 1739 1255 <—---‹‚,-vv-
1724 1010 1738 1053 >⁴3⁴¹
1726 958 1730 970 ‘⁸
