1779 3085
752 221 808 229 ....
901 206 987 251 304
1076 222 1132 232 ..-

568 313 1307 361 Adnotationes.

286 442 293 448 ‘
331 455 367 478 v.
391 453 426 480 1.
448 441 569 482 Solvi,
596 442 710 478 laxari
736 443 887 492 proprie
910 443 1046 479 dicitur
1073 442 1170 489 gelu,
1192 445 1352 492 glacies;
1379 435 1468 481 item
1499 447 1645 494 humus,

237 519 306 559 per
334 508 478 543 hiemen
503 505 642 553 frigore
668 505 863 550 adstricta,
882 515 922 542 ut
950 519 1034 543 mox
1065 521 1099 542 v.
1137 518 1191 544 10.
1226 514 1353 542 terrae
1385 508 1546 554 solutae,
1582 510 1648 546 ubi

235 583 270 606 v.
297 577 373 605 not.
425 569 544 604 Docte
566 569 629 603 hic
653 570 732 619 ipsa
764 567 890 601 hiems
912 568 1082 603 solvitur
1099 595 1109 612 ,
1137 582 1230 620 quae
1269 570 1491 613 resolvitur,
1522 573 1647 605 remit-

234 634 279 668 tit
307 645 361 668 se.
394 630 536 667 Tibull.
558 629 631 671 III,
655 642 692 675 5.
723 643 757 673 4.
784 642 904 677 quum
932 642 972 664 se
994 643 1191 678 purpureo
1223 644 1307 665 vere
1327 632 1498 666 remittit
1522 633 1647 667 hiems

233 694 298 731 ubi
324 703 409 745 apte
433 693 584 728 laudant
603 693 744 727 Lucan.
770 692 799 726 I.
835 704 891 733 17.
924 691 1063 726 bruma
1084 693 1227 741 rigens,
1255 707 1298 727 ac
1327 695 1454 728 nescia
1479 707 1568 729 vere
1589 695 1646 729 γε’-

233 757 358 790 mitti.
388 756 485 791 adde
520 755 613 789 Stat.
641 753 769 789 Theb.
806 755 872 799 IV,
907 767 936 788 1.
973 755 1197 791 horrentem
1229 756 1405 803 zephyris
1441 757 1649 791 laxaverat

234 830 382 852 annum
403 816 606 854 Phoebus‚·
631 817 854 850 horrentem
879 829 1025 851 annum
1052 819 1086 852 h.
1104 819 1280 855 hiemem.
1309 838 1355 844 —
1380 818 1509 861 Aeris,
1537 834 1555 855 e
1588 833 1649 855 na-

232 888 315 916 tura
335 880 499 926 frigoris,
529 886 565 912 nt
595 884 755 911 acutum
770 878 879 923 gelu,
905 879 936 919 Ι,
960 890 994 921 9.
1017 890 1053 922 3.
1078 880 1158 914 Jam
1192 882 1294 930 sequi
1336 879 1522 917 debebat:
1546 893 1646 926 vere,

236 957 306 993 pro
338 956 411 993 quo
433 942 653 991 exquisitius
678 949 733 975 est
759 940 842 973 vice
857 938 1003 983 gra'ta,
1039 942 1274 977 successione
1306 943 1420 987 grati
1451 944 1574 988 veri-5,
1609 947 1648 976 et

237 1003 414 1045 Favonii,
442 1003 626 1052 Zephyri,
650 1003 711 1052 qui
735 1003 883 1036 omnino
917 1004 952 1036 in
995 1003 1105 1037 terris
1140 1002 1360 1038 australibus
1402 1007 1542 1051 gratior
1576 1013 1649 1041 est.

243 1066 357 1100 Veris
383 1076 510 1099 comes
535 1073 686 1100 vocatur
711 1063 778 1107 IV,
804 1074 862 1100 12.
888 1074 920 1098 1.
943 1063 1041 1098 Plin.
1065 1064 1110 1098 H.
1135 1064 1179 1098 N.
1214 1063 1263 1098 II.
1303 1073 1363 1105 47.
1408 1065 1484 1097 Ver
1522 1068 1648 1111 aperit

241 1126 527 1174 navigantibus
553 1127 695 1167 maria,
724 1127 832 1170 cujus
857 1125 899 1158 in
921 1137 985 1171 prr
981 1124 1119 1171 ncipio
1144 1123 1310 1159 Favonii
1327 1124 1527 1160 hibernum
1551 1112 1649 1162 mol·

234 1192 340 1225 liunt
365 1190 528 1224 caelum
709 1187 711 1189 ¹

333 1264 369 1290 v.
398 1265 435 1287 2.
462 1252 624 1299 Vulgare
654 1258 761 1286 erat:
788 1262 900 1285 naves
925 1249 1180 1285 machinarum
1204 1262 1275 1298 ope
1296 1249 1331 1283 in
1368 1260 1471 1284 mare
1502 1250 1650 1285 trahun-

236 1325 308 1361 tur,
332 1315 577 1352 deducuntur.
630 1311 706 1347 Sed
730 1310 859 1345 tribuit
881 1311 976 1346 hanc
1002 1310 1266 1346 deductionem
1290 1318 1402 1360 poeta
1426 1313 1540 1361 ¹ipsis,
1564 1326 1650 1364 quaa

237 1393 319 1414 rum
349 1392 419 1427 ope
443 1374 577 1419 fiebat,
601 1373 797 1416 machinis,
823 1386 916 1424 quae
942 1382 997 1408 est
1033 1373 1251 1425 exquisitior
1284 1385 1330 1408 ac
1365 1372 1512 1409 doctior
1543 1376 1649 1410 ratio.

242 1440 423 1492 Trahunq
438 1439 548 1479 adeo,
578 1443 812 1487 promovent,
842 1434 1043 1470 devolvunt
1069 1433 1291 1473 machinae,
1324 1432 1360 1467 h.
1394 1433 1420 1468 l.
1455 1437 1650 1476 φαλανγες

238 1500 405 1551 cylindri
429 1499 620 1548 subjecti3
646 1511 729 1533 nam
749 1497 920 1532 machina
943 1498 1097 1546 proprie
1128 1495 1177 1532 de
1206 1497 1452 1530 instrumento
1486 1494 1647 1539 dicitur,

241 1578 316 1616 quo
339 1561 484 1614 aliquid
505 1562 589 1596 loco
624 1574 689 1596 suo
719 1567 898 1595 movetur.
946 1557 1100 1591 carinas
1138 1571 1248 1593 naves
1278 1555 1416 1600 siccas,
1452 1572 1546 1610 quae
1580 1570 1648 1609 per

238 1626 404 1662 hiemem
432 1627 465 1658 in
489 1625 589 1658 sicco
606 1628 801 1664 steterant,
823 1623 858 1654 in
881 1620 967 1654 litus
996 1614 1216 1662 subductae,
1239 1629 1274 1656 et
1297 1620 1463 1656 trabibus
1487 1630 1650 1657 constra-

240 1691 286 1723 tis
312 1700 342 1724 s.
371 1685 524 1737 pulvino
552 1685 763 1733 impositae.
818 1682 975 1716 Graecis
1001 1679 1128 1727 ἐρύειν,
1151 1689 1188 1717 et
1211 1676 1340 1726 ἕλκειν,
1368 1683 1571 1723 καθέλκειν,
1597 1685 1651 1719 uti

240 1751 388 1786 Latinis
413 1747 626 1782 subducere
648 1753 684 1780 et
712 1743 865 1776 trahere
889 1742 1004 1779 verba
1036 1742 1205 1779 solennia
1242 1745 1312 1779 hac
1347 1744 1394 1779 de
1430 1758 1484 1782 re.
1526 1747 1650 1781 Attius

241 1810 339 1862 apud
363 1812 445 1845 Non
475 1824 509 1844 v.
535 1808 668 1841 anima
691 1820 727 1855 p.
756 1816 837 1841 112.
867 1818 901 1840 a.
926 1805 1067 1837 classes
1088 1806 1243 1839 trahere
1263 1806 1306 1839 in
1329 1817 1451 1849 mare,
1495 1812 1533 1840 et
1566 1808 1651 1841 vela

241 1879 446 1909 ventorum
473 1870 628 1904 animae
651 1867 892 1908 immittere,
928 1866 1103 1901 laudante
1133 1865 1312 1901 Lambin.
1360 1868 1568 1920 Utrumque
1590 1870 1652 1905 fie-

246 1937 309 1973 bat
334 1936 519 1975 vectibus,
544 1947 608 1969 seu
630 1932 828 1980 cylindris,
856 1931 939 1965 navi
966 1931 1016 1965 ita
1039 1932 1258 1980 suppositis,
1280 1939 1334 1973 ut,
1359 1932 1389 1966 si
1413 1933 1447 1976 in
1469 1945 1571 1968 mare
1594 1931 1656 1968 de-

243 1999 414 2036 ducenda
444 2004 556 2037 esset,
583 1996 728 2030 tenuior
753 1995 978 2029 crassiorem
1010 1995 1218 2041 exciperet,
1247 2002 1389 2038 contra,
1425 1995 1455 2028 si
1491 1996 1525 2028 in
1562 1993 1648 2030 litus

247 2060 500 2099 subducenda,
523 2059 680 2093 crassior
717 2057 926 2090 tenuiorem
967 2063 1202 2106 sequeretur.
1250 2054 1354 2091 Loca
1393 2056 1549 2092 classica
1586 2057 1655 2093 hac

246 2127 293 2160 de
321 2137 361 2158 re
383 2121 480 2172 apud
504 2118 678 2169 Apollon.
694 2119 769 2152 Rh.
795 2117 825 2159 I,
849 2121 932 2157 371-
958 2127 993 2150 et
1019 2116 1139 2165 Orph.
1163 2119 1305 2163 Argon.
1333 2127 1414 2162 237.
1442 2117 1491 2153 cf.
1512 2117 1654 2154 Polluc-

244 2187 380 2224 Onom.
405 2183 492 2220 Vll.
522 2194 599 2223 τωο.
634 2182 800 2216 Gronov.
822 2179 868 2214 ad
898 2178 1017 2214 Plaut.
1057 2177 1142 2214 Cas.
1166 2178 1234 2212 111.
1266 2189 1302 2214 2.
1339 2190 1396 2221 ⁴27.
1433 2186 1471 2215 et
1506 2178 1655 2215 Morum

244 2250 293 2286 ad
321 2249 428 2284 Caes,
455 2247 494 2279 Β,
517 2244 560 2281 Ο,
598 2243 648 2287 ΙΙ,
670 2254 727 2280 10.
757 2242 933 2278 Ceterum
963 2242 1124 2276 solennis
1146 2240 1242 2281 fere.
1264 2243 1301 2276 in
1328 2241 1580 2291 descriptione
1598 2256 1655 2278 ve-

248 2313 313 2352 ris,
338 2311 464 2348 maris,
487 2319 555 2354 per
594 2307 758 2341 hiemem
794 2302 1010 2354 procellosi,
1034 2317 1128 2339 nunc
1163 2305 1310 2353 pacati,
1342 2305 1661 2356 navigationi-§que

246 2374 342 2409 adeo
368 2373 595 2406 instauratae
617 2367 716 2418 apud
751 2375 880 2416 poetas
917 2367 1074 2401 mentio.
1116 2365 1180 2400 vid
1212 2367 1346 2401 Anacr.
1379 2363 1587 2407 XXXVII,
1623 2378 1658 2410 3,

247 2435 417 2480 Meleag.
443 2435 476 2467 in
506 2432 595 2467 Ver.
626 2445 659 2465 v.
695 2439 717 2476 9
742 2438 778 2465 et
811 2439 872 2463 21.
911 2431 1080 2478 Antipat.
1113 2427 1192 2463 Sid.
1227 2442 1260 2464 c.
1295 2427 1486 2464 XXXVII.
1523 2429 1653 2472 (Anat.

251 2497 397 2534 annk
421 2495 469 2530 T,
496 2494 547 2529 ΙΙ,
572 2508 609 2543 Ρ,
638 2493 712 2534 16.)
738 2500 790 2536 et,
812 2493 874 2543 qui
903 2494 1074 2540 proprius
1109 2492 1157 2527 ad
1196 2492 1296 2527 hunc
1333 2491 1452 2527 locum
1487 2499 1653 2539 spectat,

254 2559 488 2597 Silentiarius
513 2570 545 2590 c.
573 2554 697 2588 XVII.
727 2554 854 2598 (Anat.
882 2553 944 2589 Br.
968 2552 1039 2596 ΙΙΙ,
1063 2555 1144 2601 89.)
1169 2555 1273 2596 cujus
1299 2555 1442 2588 initium
1475 2552 1559 2588 ideo
1587 2553 1658 2588 huc

255 2621 495 2658 transferam:
531 2617 625 2657 ’Ἤδη
663 2615 729 2660 μέν
775 2614 956 2663 ζεφύροισι
993 2613 1184 2661 μεμυκότα.
1219 2615 1346 2651 κόλπον
1388 2614 1518 2657 ἀνοίγει
1559 2613 1658 2656 theos
