1779 3085
637 191 1011 247 *671-

128 307 341 345 animalium
361 318 515 358 corpora
543 307 577 342 vi
604 306 764 342 Musices
791 314 936 355 torpore
956 305 1122 352 alligari,
1149 312 1183 340 et
1210 316 1341 343 somno
1372 305 1508 342 resolvi

131 370 312 406 dicuntur.
342 367 677 419 splendidissimus
700 367 793 402 lianc
813 370 850 402 in
874 380 951 403 rem
975 374 1031 402 est
1052 366 1152 401 locus
1178 366 1325 403 Pindari
1346 366 1458 417 Pyth.
1480 368 1510 402 Ι.

131 443 182 469 ιο.
208 447 287 484 sqq.
325 427 414 466 εὕδει
444 428 472 467 δ’
500 431 564 465 ivo}
597 432 738 474 σκαωτῷ
764 428 842 465 Δι”ς
874 432 985 467 affines
1015 451 1053 457 —
1082 435 1172 465 τεαῒς
1205 432 1344 480 (lyrae)
1374 431 1509 476 ῥιπατσι

125 495 392 537 κατασχόμενος.
418 511 462 520 —-
486 503 544 536 35.
571 492 626 535 36.
662 492 898 526 Eumenides
934 507 965 529 s.
998 493 1126 528 Furiae
1159 494 1393 538 mitigantur,
1421 493 1512 526 iram

129 556 313 589 remittunt
329 579 338 595 ,
369 555 457 602 ipsis
480 555 687 603 propriam.
707 555 926 590 Declaratur
950 556 1042 590 haec
1063 555 1182 604 poetis
1203 566 1269 604 per
1291 566 1432 589 comam
1455 565 1512 588 ea-

127 628 205 650 rum
236 624 421 655 erectam,
453 621 489 648 et
520 625 678 660 angues,
710 614 843 664 quibus
876 615 1037 660 intorti,
1074 615 1223 664 implexi
1259 622 1342 649 sunt
1385 613 1513 660 capilli

126 677 229 719 (hinc
248 673 514 720 ι’φιοπλὸκαμοι
542 675 657 726 Orph.
685 675 733 712 H.
765 678 823 719 69.
852 688 904 712 ιο.
939 675 1266 718 πεπλεκτανημέναι
1289 679 1412 709 πυκνός
1434 673 1516 716 δραι.

128 733 226 771 uriom
250 737 447 784 (At-schyl.
478 736 647 783 Choeph.
677 737 794 783 1049.)
815 737 1012 785 implexae
1034 737 1200 772 crinibus
1227 748 1371 781 angues
1390 737 1511 784 (Virg.

126 800 197 833 Ge.
225 798 289 831 IV.
309 799 415 843 482.)
441 798 574 833 dictae.
596 798 705 834 Adde
727 798 863 834 Catull.
895 799 1025 836 LXIV.
1055 810 1130 844 193.
1152 799 1294 834 Tibull.
1321 799 1349 835 Ῑ.
1374 800 1409 836 3.
1433 800 1514 842 69.)

127 859 261 895 sibilos
287 859 455 896 edentes.
482 859 618 895 Sedata
647 858 739 894 adeo
765 856 956 893 Fut-larum
986 861 1038 893 ira
1060 869 1226 906 angues,
1254 858 1375 895 sibilis
1398 861 1515 895 conti-

128 922 210 956 nuis
233 920 318 957 fessi
336 945 346 961 ,
370 925 611 963 recreantur,
635 920 720 956 dum
741 919 874 964 silent,
902 922 1118 972 quiescunt,
1147 923 1317 956 otiantur.

222 992 255 1017 v.
282 992 341 1027 37
372 982 474 1027 Quin
492 988 528 1014 et
552 983 575 1015 ii
592 985 684 1033 ,qui
707 983 865 1018 Tartaro
886 982 1017 1018 inclusi
1033 982 1214 1018 scelerum
1238 995 1374 1033 poenas
1397 984 1515 1028 luunt,

127 1042 232 1092 lyrae
266 1045 443 1078 suavitate
467 1044 762 1092 permulcentur,
788 1044 940 1082 dolores
963 1046 1080 1080 minus
1106 1047 1289 1087 sentiunt,
1317 1053 1425 1080 cantu
1450 1047 1518 1083 de·

132 1105 244 1140 liniti,
274 1103 326 1138 Ex
351 1104 407 1139 his
433 1114 611 1141 memorat
641 1107 898 1142 Prometheum
929 1114 965 1143 et
993 1105 1189 1142 Tantalum
1219 1114 1339 1157 poeta.
1368 1108 1407 1141 In
1430 1108 1518 1142 Pro·

86 1215 91 1219 p
130 1169 269 1204 niethei
290 1165 438 1209 fabula,
469 1168 575 1202 toties
597 1181 616 1203 a
640 1170 758 1218 poetis
783 1176 964 1210 tractata,
991 1180 1123 1216 magna
1151 1170 1369 1204 narrationis
1396 1169 1516 1205 diver·

129 1231 217 1265 sitas
240 1242 319 1265 esse
344 1227 486 1266 debuit.
512 1228 631 1277 Vulgo
666 1230 828 1266 Caucaso
852 1231 968 1265 monti
987 1228 1130 1265 adfixus
1153 1229 1324 1266 subducti
1344 1230 1518 1269 aetherea

129 1293 240 1348 domo
266 1292 361 1339 ignis
392 1303 530 1337 poenas
555 1292 740 1338 pendere,
770 1291 895 1344 ibique
917 1304 981 1328 cor
1005 1295 1086 1339 ejus
1115 1291 1163 1327 ab
1198 1291 1321 1344 aquila
1343 1295 1517 1331 continuo

131 1353 238 1390 exedi
261 1360 440 1388 narratur.
468 1356 704 1405 Antiquiores
729 1352 826 1389 haud
850 1350 962 1388 dubie
988 1361 1121 1402 poetae
1146 1354 1405 1391 Prometheum
1431 1369 1517 1392 cum

131 1415 285 1466 reliquis
313 1413 512 1449 Titanibus
537 1414 687 1450 fulmine
722 1416 757 1448 in
791 1416 928 1449 Orcum
959 1412 1146 1450 detrusum
1170 1417 1394 1463 simpliciter
1416 1420 1519 1456 dixe·

133 1483 227 1513 rant.
259 1475 402 1511 Adficta
432 1486 516 1512 mox
539 1477 623 1512 huic
644 1476 847 1511 narrationi
871 1473 989 1511 altera
1017 1474 1064 1512 de
1089 1477 1217 1529 aquila
1242 1492 1305 1515 cor
1333 1485 1410 1531 ejus
1433 1483 1520 1518 ade·

132 1540 268 1580 dente,
296 1546 332 1573 et
357 1538 453 1579 alia,
481 1551 573 1589 quae
609 1537 657 1574 ad
691 1536 939 1573 exornandam
965 1551 1046 1574 eam
1070 1547 1251 1589 spectant.
1280 1541 1338 1579 Cf.
1363 1542 1519 1580 Aristot.

131 1601 236 1636 Poet.
269 1613 303 1635 c.
342 1609 397 1640 17.
423 1599 602 1635 Similiter
634 1599 811 1636 adornata
845 1599 1021 1651 deinceps
1049 1600 1157 1651 Tityi
1181 1601 1308 1640 fabula
1340 1616 1361 1640 n
1384 1609 1518 1655 poetis.

129 1663 239 1697 Nec
232 1675 267 1697 in
291 1660 487 1708 supplicii,
524 1675 594 1712 quo
624 1660 802 1697 Tantalus
823 1661 989 1698 adfectus
1023 1664 1095 1704 sit,
1122 1671 1258 1709 genere
1290 1676 1422 1712 poetae
1444 1669 1517 1705 sihi

129 1731 313 1760 constant.
352 1723 606 1773 Antiquiorem
644 1722 789 1759 fabulae
821 1723 955 1757 faciem
990 1723 1241 1771 repraesentat
1263 1717 1368 1762 Pind.
1392 1728 1454 1765 Ol.
1482 1744 1516 1764 α.

130 1797 190 1830 91·
226 1785 353 1820 Isthm-
384 1797 417 1822 η-
451 1791 508 1818 20.
535 1782 689 1818 Pausan.
721 1782 765 1817 Χ.
803 1784 860 1819 31-
891 1797 928 1833 p·
957 1784 1037 1823 876.
1075 1794 1112 1821 et
1146 1786 1248 1825 Paul.
1281 1787 1417 1825 silent.
1454 1793 1513 1841 ep.

130 1842 532 1881 XXX111.Anal.Br
565 1842 632 1876 111.
658 1838 737 1887 81.)
773 1845 835 1894 qui
866 1857 928 1878 sua
956 1843 1076 1882 hausit
1108 1858 1152 1883 ex
1175 1849 1305 1901 Eurip.
1331 1852 1454 1889 Orest.
1479 1854 1515 1891 6

130 1906 193 1943 ubi
218 1905 301 1942 vide
325 1903 452 1940 Schol.
479 1903 679 1951 Vulgarem
708 1906 952 1941 narrationem
985 1909 1147 1957 sequitur
1176 1911 1312 1948 Noster
1340 1910 1459 1952 Serm.
1481 1914 1514 1950 Ι.

132 1981 164 2005 1.
193 1971 256 2008 68.
283 1968 363 2003 Jam
391 1978 457 2016 pro
485 1965 646 2014 vulgari:
685 1967 873 2018 Uterque,
901 1976 1026 2004 cantus
1053 1969 1252 2008 dulcedine
1280 1978 1515 2023 permulsus,

129 2030 360 2066 obliviscitur
386 2030 636 2073 cruciatuum,
681 2028 791 2064 docte
824 2039 957 2075 poeta:
992 2032 1056 2067 Pr.
1090 2038 1128 2067 et
1161 2036 1313 2081 Pelopis
1347 2051 1511 2084 parens,

129 2091 310 2128 Tantalus
331 2090 433 2124 dulci
457 2089 586 2126 Alcaei
608 2099 733 2126 cantus
761 2101 853 2125 sono
876 2091 1021 2127 deliniti
1051 2095 1296 2140 decipiuntur
1317 2098 1514 2146 laborum,

132 2154 206 2195 ita,
231 2160 270 2187 ut
299 2161 426 2187 sensus
449 2153 608 2201 ipsorum
632 2165 653 2187 a
674 2150 863 2186 laboribus
879 2179 890 2194 ,
916 2155 1161 2201 cruciatibus,
1188 2170 1361 2196 avocetur
1378 2188 1388 2204 ‚
1414 2162 1513 2199 obli-

131 2216 315 2255 viscuntur
349 2214 578 2248 miseriarum
611 2225 753 2248 suarum
775 2239 785 2256 ‚
823 2226 886 2249 eas
921 2229 991 2251 non
1019 2221 1203 2263 sentiunt,
1230 2219 1432 2258 κλέπτονται
1452 2237 1514 2259 κα.

128 2271 249 2319 etism
273 2272 344 2319 ᾦὸᾗ
366 2271 511 2317 Ὑλυῐὸἓῇ
546 2274 805 2320 ἀΡαὙὸμενοΜ
839 2287 970 2321 graeca
1002 2292 1149 2329 prorsus
1183 2291 1364 2319 structura
1391 2293 1429 2320 et
1458 2285 1514 2322 lo·

128 2337 265 2387 queruli
299 2336 456 2372 ratione.
493 2333 568 2369 Alii
601 2336 724 2371 aliter.
762 2350 794 2370 v.
826 2335 936 2375 Obss.
963 2357 1010 2366 —
1034 2342 1089 2384 39.
1114 2352 1168 2384 40.
1195 2343 1297 2379 Nova
1325 2354 1432 2391 atque
1465 2347 1513 2384 ab

127 2395 432 2434 antecedentibus
452 2409 602 2446 prorsus
624 2395 768 2431 diversa
795 2406 848 2432 est
870 2401 986 2441 ratio,
1010 2416 1080 2452 qua
1109 2405 1181 2438 vim
1205 2418 1357 2454 poeseos
1380 2409 1437 2443 his
1451 2423 1506 2446 vv·

125 2456 174 2492 ob
197 2458 325 2493 oculos
349 2459 452 2507 ponit
476 2465 595 2505 poeta.
627 2457 808 2493 Nimirum
832 2459 981 2496 Orionis
1006 2465 1176 2515 exemplo
1199 2466 1347 2503 umbras
1375 2470 1506 2506 Alcaei

125 2520 289 2554 carmine
310 2519 360 2553 ita
380 2517 584 2553 demulceri
609 2526 720 2563 atque
755 2519 914 2558 detineri
954 2526 1145 2569 ostendit,
1170 2536 1207 2562 ut
1234 2529 1294 2563 vel
1320 2545 1361 2567 ea
1388 2531 1508 2568 studia

122 2587 235 2630 atque
258 2581 539 2629 occupationes,
567 2579 697 2630 quibus
721 2584 878 2619 maxime
906 2584 1135 2624 delectentur
1150 2616 1161 2631 ‚
1187 2593 1355 2627 omittant
1379 2606 1422 2629 ac
1444 2608 1507 2631 ne—

124 2640 274 2688 gligant.
303 2640 396 2677 Cwu
418 2640 556 2679 dilectu
591 2655 674 2680 vero
699 2643 792 2682 illud
814 2648 961 2693 posuit,
988 2649 1086 2700 quod
1110 2653 1145 2687 in
1178 2657 1372 2694 venatione
1396 2660 1504 2693 maxi-
