1790 3117
688 333 1042 381 Oxom'enses

289 426 495 472 Oxonii
520 423 572 467 in
603 422 824 488 Collegio
860 425 1152 489 Reginensi:

155 541 202 569 n.
240 528 350 584 958.
388 521 507 567 Cod.
562 523 844 568 membran.
898 532 942 577 4.
993 526 1216 571 Horatii
1267 527 1401 586 Opp.
1449 546 1562 577 cum

409 588 589 633 Scholl.
629 588 722 634 hoc
753 589 927 636 ordine
962 591 1228 637 exhibens:
1274 593 1566 642 Carminum

404 655 548 701 Libri
601 656 684 699 IV.
733 658 818 701 Ars
866 658 1087 720 poetica:
1133 659 1287 704 Liber
1330 658 1568 720 Epodon:

405 723 616 767 Carmen
657 723 906 768 seculare:
969 724 1262 780 Sermones,
1297 724 1564 787 Epistulae.

414 788 500 838 (T.
528 789 566 832 I.
594 790 645 833 P.
676 790 739 834 ΙΙ.
770 808 820 851 p.
850 792 930 837 50.

357 868 414 912 ln
454 868 676 932 Collegio
702 872 1171 934 Mag-dolenensi:

153 969 201 996 n.
242 950 383 997 2156.
421 952 687 995 Horatius
712 968 824 996 cum
855 952 1059 997 scholiis
1091 952 1294 1015 aliquot.
1335 950 1487 1003 (Ibid.
1515 970 1565 1013 p.

154 1099 204 1128 n.
244 1082 386 1129 2135.
414 1023 588 1127 71211)de
612 1086 746 1128 Arte
773 1085 1016 1143 poetica,
1046 1083 1270 1146 ejusdem
1304 1084 1447 1129 liber
1474 1086 1567 1130 Sa-

411 1151 648 1193 tirarum
675 1155 727 1192 et
751 1150 888 1208 Epp.
925 1165 1037 1193 cum
1067 1150 1288 1196 Scholiis.
1327 1149 1480 1200 (Ibid.
1514 1167 1565 1211 p.

412 1216 522 1271 75·)

360 1310 760 1368 Cantabrigiae
787 1307 836 1350 in
867 1307 1040 1369 colleg.
1082 1311 1134 1352 S.
1178 1310 1500 1356 Trinitatis.

160 1420 207 1447 n.
245 1402 355 1452 446.
392 1401 616 1445 Horatii
652 1398 937 1459 Epistulae
977 1399 1128 1449 (Ihid.
1153 1400 1216 1444 Τ.
1252 1401 1290 1445 I.
1320 1401 1371 1446 Ρ.
1406 1403 1565 1464 111.p.

477 1473 523 1515 ι)

353 1481 596 1592 Ιη9ῗ1οη10
627 1550 680 1593 S.
709 1549 863 1594 Petri

1226 844 1252 856 0

158 1656 206 1683 n.
250 1655 387 1699 1929.
423 1643 721 1698 Horatia-55
778 1643 906 1688 liber
943 1660 1000 1688 ex
1037 1649 1178 1704 parte
1223 1641 1564 1703 imperfectus.

414 1707 565 1757 (Ihid.
602 1725 651 1768 p.
682 1706 813 1759 155.)

291 1805 601 1865 Vigorniae
626 1804 676 1849 in
701 1802 920 1847 Ecclesia
957 1801 1238 1847 cathedrali

157 1916 205 1943 n.
243 1901 355 1944 822.
393 1901 615 1944 Horatii
644 1900 954 1946 Carminum
980 1902 1027 1938 et
1055 1895 1265 1953 Epodoev
1286 1894 1419 1939 libri.
1455 1896 1565 1939 Car.

390 1965 585 2009 minum
638 1964 751 2009 libri
792 1963 856 2006 ΙΙ.
905 1961 1099 2023 priores
1141 1959 1387 2021 deperditi
1437 1967 1565 2004 sunt.

390 2031 541 2081 (lbid.
565 2031 627 2075 T.
649 2030 712 2074 11.
750 2047 798 2091 p.
829 2035 929 2077 20.)

158 2113 207 2139 n.
260 2113 371 2155 902.
407 2099 471 2141 H.
497 2097 558 2140 de
586 2100 719 2142 Arte
738 2097 968 2156 poetica,
987 2109 1096 2136 cum
1118 2092 1263 2137 notis.
1281 2091 1378 2143 (lh.
1396 2108 1445 2153 p.
1466 2098 1568 2142 21.)

292 2178 349 2221 In
377 2178 611 2222 Batavis
642 2177 741 2221 oris
776 2184 823 2221 et
859 2174 1061 2239 quidem
1090 2174 1357 2234 Lugduni

358 2259 413 2302 ln
440 2257 562 2302 bibl.
594 2258 919 2304 Academica

160 2354 209 2383 n.
249 2354 324 2399 27.
361 2340 585 2385 Horatii
624 2340 758 2384 varia
800 2355 979 2400 opera,
1007 2353 1130 2400 quae
1157 2335 1334 2380 finiunt
1361 2336 1411 2380 in
1450 2335 1569 2380 Sati-

357 2422 437 2449 ra:
473 2407 537 2450 Ut
558 2405 812 2450 Nasidieni
835 2404 961 2468 juvit
992 2411 1036 2449 te
1078 2419 1230 2447 coena
1257 2401 1417 2458 beati,
1453 2418 1570 2447 cum

356 2472 502 2516 variis
533 2471 705 2533 glossis
730 2471 861 2517 inter
888 2487 1057 2516 versus
1098 2477 1181 2513 aut
1212 2468 1274 2512 ad
1316 2468 1568 2531 margines

361 2538 635 2599 adscriptis.
675 2539 794 2584 Cod.
822 2537 1037 2582 membr.
1068 2535 1446 2580 vetustissimus.
1480 2536 1569 2581 Cae

361 2606 460 2650 tal.
491 2605 636 2649 Bibl.
661 2606 839 2666 Lugd.
864 2605 991 2648 Bat.
1018 2622 1068 2665 p.
1098 2604 1210 2649 526-

416 2685 608 2730 Ibidem
630 2685 759 2729 inter
797 2685 1090 2731 Vossianos

164 2769 213 2797 n.
253 2767 329 2798 21.
363 2753 585 2799 Horatii
614 2753 899 2809 Carmina,
934 2768 1047 2802 cum
1083 2750 1288 2800 801101Ξί5
1323 2751 1481 2801 densis
1517 2760 1566 2803 et
