1779 3085
656 240 742 248 -—
825 224 909 270 434
992 238 1046 247 —-

181 337 281 384 gravi
300 360 307 375 ,
333 334 465 384 plena,
495 332 631 369 referta
650 336 702 376 (ut
731 344 843 383 equus
862 330 1047 380 Troianus
1071 325 1231 374 ἐγκῦμων
1255 326 1403 381 τεῦχξων
1418 354 1427 370 ,
1444 339 1559 380 quan·

180 410 287 450 quarn
318 397 431 442 magis
453 397 622 445 proprie,
647 395 748 429 audit
773 395 901 444 Eurip.
923 392 1062 429 Troad.
1084 394 1154 436 11.)
1174 390 1334 438 sagittis
1354 389 1563 433 venenatis,
1592 422 1595 425 .

176 459 399 510 simpliciter
423 471 506 507 pro,
533 459 687 505 sagittis.

275 530 311 553 v.
337 531 359 564 5
385 538 429 545 —
454 522 485 557 8.
508 517 722 553 Extremam
745 516 895 553 Africae
921 528 1033 558 oram,
1061 523 1230 567 tanquam
1251 514 1476 567 ferociorum
1493 513 1567 549 ani·

184 582 353 623 mulium,
390 580 562 624 leonum,
601 580 747 626 tigrium
786 588 858 615 cet.
897 586 1077 629 proventu
1112 575 1374 612 feracissimam
1406 572 1567 619 (θηριῶδη

183 642 267 680 ideo
288 642 508 693 simpliciter
530 640 666 676 dictam
688 639 880 676 Herodoto
905 640 954 674 11.
980 640 1059 680 32.)
1084 641 1270 685 regionem
1300 637 1465 674 declarat
1484 650 1569 687 poe-

184 715 219 742 ta
243 719 309 757 per
333 703 466 749 Syrtes
482 730 491 746 ,
519 702 683 749 ejusdem
705 702 805 737 litori
839 708 1063 752 praetentas.
1114 700 1228 735 Erant
1264 713 1328 736 eae
1366 699 1458 734 vada
1482 710 1571 734 'are-

181 778 269 803 nosa
285 793 293 809 ,
322 773 356 801 et
383 765 468 814 quia
489 764 597 798 situm
621 762 822 807 variabant,
848 763 1171 813 periculosissima.
1200 776 1230 796 v.
1253 761 1390 798 Lucan.
1405 761 1568 802 IX.431.

182 828 349 877 Propert.
387 823 434 858 II.
460 833 493 863 7.
521 834 580 868 71.
610 824 811 858 Gaetulas
843 823 976 870 Syrtes
1006 838 1074 874 pro
1111 833 1277 860 extrema
1311 823 1440 858 Africa
1473 822 1570 859 dixit

182 890 293 923 etiam
316 884 364 919 11.
389 896 450 920 ρο.
480 893 534 930 15·
563 891 597 919 et
618 883 755 931 virgil.
779 883 871 920 Aen.
892 884 956 918 IV.
982 894 1039 925 41.
1066 885 1106 918 V.
1127 893 1184 925 51.
1221 904 1263 911 —-
1287 887 1483 918 aestuosas
1515 898 1570 920 so-

178 950 225 984 lis
250 948 416 982 fervore:
443 958 512 996 qua
532 945 662 981 eadem
685 948 825 982 ratione
850 945 1042 982 Claudian.
1069 945 1116 979 de
1140 945 1250 982 Cons.
1290 943 1374 981 Stil.
1397 945 1463 980 111.
1486 955 1567 991 275.

182 1009 316 1048 Srrtes
343 1006 521 1051 anhelas,
549 1013 584 1042 et
610 1007 648 1041 in
673 1006 758 1041 Rus.
783 1006 831 1042 ΙΙ.
857 1007 938 1051 241.
964 1005 1137 1049 incensas
1171 1005 1318 1050 Libyae
1351 1019 1485 1042 arenas
1510 1023 1571 1044 vo-

184 1077 257 1106 cat.
275 1068 508 1103 Aestuosam
535 1065 752 1100 Calabriam
778 1066 892 1102 habes
913 1066 942 1100 I.
971 1079 1026 1112 3¹·
1048 1078 1084 1111 5.
1102 1085 1146 1093 —·
1171 1068 1205 1103 6.
1241 1066 1324 1102 Sive
1356 1069 1423 1103 iter
1459 1068 1572 1104 faciat

186 1143 252 1179 per
277 1130 423 1165 deserta
449 1127 628 1178 Scythiae
654 1126 747 1163 loca.
771 1126 946 1163 Declarat
971 1140 1014 1163 ea
1036 1136 1144 1177 poeta
1169 1141 1233 1177 per
1250 1127 1461 1162 Caucasum
1474 1142 1574 1165 mon-

184 1199 259 1226 tem
285 1192 379 1225 inter
407 1185 579 1238 Caspium
602 1195 638 1224 et
660 1199 758 1223 mare
780 1189 936 1235 Nigrum
962 1190 1084 1224 situm.
1107 1208 1152 1217 -
1174 1184 1576 1234 Inhospitalemjciissoe.

181 1265 259 1295 τον,
278 1251 547 1298 ἀπάνθρωπον,
579 1249 691 1293 ἄξενον
709 1278 719 1295 ,
747 1254 856 1302 (qnae
880 1259 962 1286 sunt
985 1251 1162 1300 Aeschyli
1187 1251 1307 1288 Prom.
1351 1259 1402 1293 19.
1421 1251 1466 1287 de
1503 1253 1572 1287 hac

185 1317 339 1361 regione
369 1313 562 1363 epitheta)
597 1321 749 1362 propter
784 1316 960 1349 immanes
995 1313 1214 1348 solitudines
1246 1326 1289 1349 ac
1325 1311 1422 1348 feras
1455 1314 1491 1347 in
1529 1314 1574 1347 iis

186 1383 468 1412 commorantes.
518 1376 611 1409 Nam
652 1375 855 1410 incolarum
878 1374 1017 1411 ‘feritas
1051 1389 1071 1411 a
1091 1382 1221 1424 poetae
1248 1373 1406 1410 consilio
1428 1386 1574 1423 prorsus

186 1437 310 1473 aliena
335 1444 399 1471 est.
451 1436 599 1478 Errant,
624 1437 684 1487 qui
706 1434 754 1471 ab
782 1435 936 1471 Horatio
961 1437 1055 1472 hanc
1080 1449 1206 1472 vocem
1228 1435 1425 1471 confictam
1450 1437 1578 1472 existi-

188 1504 309 1537 mant,
338 1510 444 1546 quam
471 1497 589 1532 Varro
615 1497 659 1532 de
684 1497 814 1532 eadem
839 1499 989 1544 regione
1018 1502 1091 1546 jam
1125 1496 1358 1539 adhibuerit,
1389 1499 1441 1532 uti
1475 1503 1578 1547 patet

185 1573 205 1594 e
232 1557 278 1592 fr.
313 1557 410 1606 apud
442 1559 536 1593 Non.
560 1571 593 1593 v.
641 1556 837 1590 Vastitas:
873 1559 1049 1593 mortalis
1074 1571 1184 1593 nemo
1209 1559 1394 1601 exaudit,
1417 1559 1487 1593 sed
1504 1559 1579 1593 late

191 1620 360 1654 incolens
382 1619 616 1664 Scytharum
643 1617 887 1665 inhospitalis
911 1619 1058 1664 campis
1078 1620 1255 1653 vastitas.
1283 1620 1329 1655 cf.
1365 1619 1413 1655 V.
1451 1630 1480 1654 1.
1521 1630 1577 1656 12.

184 1678 317 1717 Senec.
349 1679 454 1716 Med.
467 1682 523 1725 43.
537 1678 714 1726 Tigribus
734 1679 904 1729 Caspiam
925 1682 1084 1716 maxime
1109 1681 1274 1717 infestari
1291 1688 1392 1730 patet
1417 1693 1460 1716 ex
1472 1681 1574 1726 Virg.

184 1740 282 1776 Aen-
305 1741 368 1775 IV.
393 1744 475 1785 367.
497 1738 564 1774 Sil.
593 1738 657 1774 IV.
686 1741 766 1779 333.
790 1740 921 1777 Senec.
946 1740 1055 1776 Herc.
1086 1742 1170 1777 Oet·
1208 1739 1384 1787 145.fera
1411 1741 1579 1787 tigribus

190 1801 340 1848 Caspia.
374 1821 419 1828 —
444 1814 476 1840 ⁷-
499 1802 560 1834 vel
579 1813 644 1850 per
671 1813 714 1836 ea
734 1800 841 1841 loca,
870 1814 961 1851 quae
985 1801 1143 1844 lambit,
1182 1802 1313 1845 alluit,
1350 1803 1577 1853 praeterfluit

186 1861 237 1899 H,
268 1862 399 1897 Avien.
437 1862 566 1897 Descr.
602 1860 646 1896 O.
679 1861 761 1906 495.
815 1858 942 1894 Tibris
966 1880 1009 1888 —
1039 1861 1310 1910 Romanosque
1341 1865 1442 1900 lares
1466 1865 1578 1910 lapsa

181 1921 417 1971 praelambit
443 1922 616 1957 alumno.
641 1929 676 1957 et
701 1935 736 1957 v.
753 1930 853 1963 1077.
881 1920 1049 1957 Laodice
1066 1923 1200 1970 glauci
1221 1926 1500 1966 praelambitur
1518 1940 1578 1962 ae·

190 1985 322 2030 queris
366 1984 481 2018 unda.
521 1982 625 2018 Alias
665 1990 719 2018 est
745 1983 878 2026 rodere
905 1981 1100 2030 (ὑποξύειν)
1129 1986 1276 2023 Lueret.
1301 1988 1346 2024 V.
1372 1997 1454 2034 257.
1477 1987 1581 2034 ripas
1605 1984 1608 1989 ’

187 2044 364 2077 radentia
381 2042 560 2091 flumina
586 2043 739 2081 rodunt.
764 2043 862 2079 Infra
890 2044 918 2082 1.
938 2056 998 2089 31.
1023 2055 1057 2087 7.
1080 2058 1184 2090 rura,
1207 2059 1301 2095 quae
1327 2048 1433 2085 Liris
1454 2051 1584 2097 quieta

189 2105 344 2154 moordet
370 2117 469 2152 aqua
481 2130 499 2145 -.
519 2103 579 2140 ubi
603 2104 705 2140 videt
726 2106 811 2140 Not.
837 2124 882 2132 -—
913 2106 1137 2155 Hydaspes,
1174 2109 1302 2145 Indiae
1327 2109 1454 2147 fluvius
1465 2110 1582 2157 fizbu-

188 2169 296 2202 lasus
310 2192 320 2209 ,
349 2173 499 2217 propter
524 2168 635 2201 miras
657 2169 895 2210 narrationes,
916 2182 1008 2220 quae
1031 2169 1076 2205 de
1093 2184 1137 2207 eo
1159 2178 1194 2206 et
1220 2171 1266 2206 de
1287 2179 1362 2208 tota
1384 2173 1491 2210 India
1511 2183 1581 2210 tra·

195 2229 380 2265 debantur
396 2255 406 2271 ‚
434 2228 479 2264 de
504 2228 722 2263 immanibus
749 2233 828 2278 ejus
850 2229 1008 2275 belluis,
1034 2233 1204 2267 monstris
1230 2241 1304 2269 cet.
1328 2235 1391 2272 Sic
1415 2235 1581 2272 Martial-

193 2292 258 2326 IX.
282 2291 339 2334 46.
364 2301 399 2334 3.
424 2289 612 2325 Atlantem
647 2288 813 2325 declarat
850 2305 916 2341 per
941 2293 1191 2329 Prometheos
1215 2307 1326 2343 rupes
1354 2295 1578 2343 etfhbulam

194 2351 363 2392 montis,
389 2365 496 2402 quem
524 2350 651 2387 eadem
674 2350 719 2387 de
742 2364 852 2388 causa
876 2353 974 2392 Plin.
1000 2355 1046 2390 H.
1058 2357 1104 2392 N.
1117 2357 1164 2393 V.
1195 2356 1578 2406 1.fabulosissimum

194 2413 354 2457 Africae
376 2416 547 2447 montem
572 2420 690 2446 vocat·
716 2414 855 2449 Seneca
881 2414 952 2463 Ep.
975 2415 1110 2455 XCIV.
1138 2430 1204 2452 nec
1227 2431 1288 2453 me
1313 2415 1517 2462 Charybdis
1541 2420 1581 2451 et

197 2472 352 2517 Scylla,
380 2477 417 2505 et
429 2471 662 2519 fabulosum
686 2472 954 2521 istudsretum
984 2476 1171 2513 deterrere
1189 2479 1393 2528 potuisset.
1431 2479 1497 2514 Est
1516 2479 1578 2525 igi-

199 2541 254 2570 tur
279 2534 445 2570 delectus
469 2535 504 2567 in
520 2532 598 2570 hoc
620 2533 797 2582 epitheto.

291 2608 326 2633 v.
350 2608 383 2639 9.
407 2613 451 2622 —
473 2604 528 2631 12.
554 2594 636 2630 Hoc
662 2609 744 2630 meo
771 2598 882 2643 ipsius
905 2599 1075 2648 exemplo
1106 2602 1256 2638 edoctus
1280 2615 1380 2644 ωιτη
1417 2612 1583 2649 namque

202 2656 276 2694 §cd
303 2656 396 2694 2112.ch
436 2656 595 2702 omittit,
631 2654 750 2705 lyrica
787 2655 996 2704 brevitate,
1024 2675 1131 2711 quam
1152 2672 1188 2701 et
1216 2664 1250 2699 in
1270 2664 1347 2714 ipsa
1371 2666 1578 2701 narratione

1727 2633 1735 2649 ἰ

1719 2649 1741 2707 ε

1682 2732 1687 2739 ·
1718 2711 1741 2769 ἒ-

1716 2792 1750 2863 Ξ,

1721 2879 1727 2896 0

1713 2898 1751 3085 l
