<?xml version="1.0" encoding="UTF-8"?>
<!DOCTYPE html PUBLIC "-//W3C//DTD XHTML 1.0 Transitional//EN"
    "http://www.w3.org/TR/xhtml1/DTD/xhtml1-transitional.dtd">
<html xmlns="http://www.w3.org/1999/xhtml" xml:lang="en" lang="en">
 <head>
  <title>
</title>
<meta http-equiv="Content-Type" content="text/html;charset=utf-8" />
  <meta name='ocr-system' content='tesseract 3.04.00' />
  <meta name='ocr-capabilities' content='ocr_page ocr_carea ocr_par ocr_line ocrx_word'/>
</head>
<body>
  <div class='ocr_page' id='page_1' title='image "./quintihoratiifla01horauoft_0614.png"; bbox 0 0 1779 3085; ppageno 0'>
   <div class='ocr_carea' id='block_1_1' title="bbox 724 175 1095 223">
    <p class='ocr_par' dir='ltr' id='par_1_1' title="bbox 724 175 1095 223">
     <span class='ocr_line' id='line_1_1' title="bbox 724 175 1095 223; baseline -0.008 -15"><span class='ocrx_word' id='word_1_1' title='bbox 724 200 779 208; x_wconf 84' lang='lat'>....</span> <span class='ocrx_word' id='word_1_2' title='bbox 868 175 952 223; x_wconf 78' lang='lat'>610</span> <span class='ocrx_word' id='word_1_3' title='bbox 1039 195 1095 205; x_wconf 83' lang='grc'><em>...-</em></span> 
     </span>
    </p>
   </div>
   <div class='ocr_carea' id='block_1_2' title="bbox 193 287 1606 2666">
    <p class='ocr_par' dir='ltr' id='par_1_2' title="bbox 201 287 1606 1906">
     <span class='ocr_line' id='line_1_2' title="bbox 219 287 1604 342; baseline -0.001 -19"><span class='ocrx_word' id='word_1_4' title='bbox 219 298 328 340; x_wconf 78' lang='lat' dir='ltr'>poeta</span> <span class='ocrx_word' id='word_1_5' title='bbox 350 290 384 323; x_wconf 89' lang='lat' dir='ltr'>h.</span> <span class='ocrx_word' id='word_1_6' title='bbox 413 291 437 324; x_wconf 88' lang='lat' dir='ltr'>l.</span> <span class='ocrx_word' id='word_1_7' title='bbox 465 289 565 326; x_wconf 80' lang='lat' dir='ltr'>Mate</span> <span class='ocrx_word' id='word_1_8' title='bbox 591 292 700 337; x_wconf 79' lang='lat' dir='ltr'>igitur</span> <span class='ocrx_word' id='word_1_9' title='bbox 719 291 780 326; x_wconf 82' lang='lat' dir='ltr'>alii</span> <span class='ocrx_word' id='word_1_10' title='bbox 802 292 1025 342; x_wconf 85' lang='lat' dir='ltr'>simpliciter</span> <span class='ocrx_word' id='word_1_11' title='bbox 1053 294 1226 328; x_wconf 78' lang='lat' dir='ltr'>invictum</span> <span class='ocrx_word' id='word_1_12' title='bbox 1252 289 1454 340; x_wconf 78' lang='lat' dir='ltr'>explicant.</span> <span class='ocrx_word' id='word_1_13' title='bbox 1495 287 1604 324; x_wconf 80' lang='lat' dir='ltr'>Cete-</span> 
     </span>
     <span class='ocr_line' id='line_1_3' title="bbox 216 348 1603 397; baseline -0.001 -14"><span class='ocrx_word' id='word_1_14' title='bbox 216 363 294 383; x_wconf 87' lang='lat' dir='ltr'>rum</span> <span class='ocrx_word' id='word_1_15' title='bbox 317 349 429 384; x_wconf 77' lang='lat' dir='ltr'>simili</span> <span class='ocrx_word' id='word_1_16' title='bbox 457 351 581 388; x_wconf 81' lang='lat' dir='ltr'>colore</span> <span class='ocrx_word' id='word_1_17' title='bbox 602 350 689 388; x_wconf 70' lang='lat' dir='ltr'>Flos·</span> <span class='ocrx_word' id='word_1_18' title='bbox 705 348 774 383; x_wconf 83' lang='lat' dir='ltr'>IV.</span> <span class='ocrx_word' id='word_1_19' title='bbox 803 363 856 389; x_wconf 65' lang='grc' dir='ltr'>ια.</span> <span class='ocrx_word' id='word_1_20' title='bbox 879 354 959 389; x_wconf 85' lang='lat' dir='ltr'>init.</span> <span class='ocrx_word' id='word_1_21' title='bbox 986 353 1146 388; x_wconf 85' lang='lat' dir='ltr'><em>necdum</em></span> <span class='ocrx_word' id='word_1_22' title='bbox 1168 351 1349 386; x_wconf 73' lang='lat' dir='ltr'>adsuetae</span> <span class='ocrx_word' id='word_1_23' title='bbox 1368 349 1500 397; x_wconf 79' lang='lat' dir='ltr'>frenis</span> <span class='ocrx_word' id='word_1_24' title='bbox 1525 358 1603 383; x_wconf 80' lang='lat' dir='ltr'>ser-</span> 
     </span>
     <span class='ocr_line' id='line_1_4' title="bbox 215 409 1606 460; baseline 0.003 -20"><span class='ocrx_word' id='word_1_25' title='bbox 215 409 351 442; x_wconf 78' lang='lat' dir='ltr'>vitutis</span> <span class='ocrx_word' id='word_1_26' title='bbox 371 409 544 445; x_wconf 80' lang='lat' dir='ltr'>tumidae</span> <span class='ocrx_word' id='word_1_27' title='bbox 562 412 739 460; x_wconf 76' lang='lat' dir='ltr'>gentium</span> <span class='ocrx_word' id='word_1_28' title='bbox 768 412 999 460; x_wconf 55' lang='lat' dir='ltr'>inflataeque</span> <span class='ocrx_word' id='word_1_29' title='bbox 1024 414 1184 448; x_wconf 80' lang='lat' dir='ltr'>cervices</span> <span class='ocrx_word' id='word_1_30' title='bbox 1212 412 1258 448; x_wconf 86' lang='lat' dir='ltr'>ab</span> <span class='ocrx_word' id='word_1_31' title='bbox 1283 411 1461 456; x_wconf 76' lang='lat' dir='ltr'>imposito</span> <span class='ocrx_word' id='word_1_32' title='bbox 1485 421 1606 457; x_wconf 81' lang='lat' dir='ltr'><em>nuper</em></span> 
     </span>
     <span class='ocr_line' id='line_1_5' title="bbox 209 469 1601 515; baseline 0.001 -14"><span class='ocrx_word' id='word_1_33' title='bbox 209 469 302 515; x_wconf 75' lang='lat' dir='ltr'>jugo</span> <span class='ocrx_word' id='word_1_34' title='bbox 323 470 555 508; x_wconf 83' lang='lat' dir='ltr'>resiliebant.</span> <span class='ocrx_word' id='word_1_35' title='bbox 586 472 761 508; x_wconf 83' lang='lat' dir='ltr'>Similiter</span> <span class='ocrx_word' id='word_1_36' title='bbox 786 473 921 510; x_wconf 73' lang='lat' dir='ltr'>Justin-</span> <span class='ocrx_word' id='word_1_37' title='bbox 948 474 1086 511; x_wconf 78' lang='lat' dir='ltr'>Xle.</span> <span class='ocrx_word' id='word_1_38' title='bbox 1112 481 1145 514; x_wconf 86' lang='grc'>5.</span> <span class='ocrx_word' id='word_1_39' title='bbox 1170 473 1217 510; x_wconf 85' lang='lat' dir='ltr'>de</span> <span class='ocrx_word' id='word_1_40' title='bbox 1244 473 1402 508; x_wconf 79' lang='lat' dir='ltr'>iisdem:</span> <span class='ocrx_word' id='word_1_41' title='bbox 1426 469 1504 504; x_wconf 86' lang='lat' dir='ltr'>Nec</span> <span class='ocrx_word' id='word_1_42' title='bbox 1521 469 1601 515; x_wconf 80' lang='lat' dir='ltr'>pri·</span> 
     </span>
     <span class='ocr_line' id='line_1_6' title="bbox 212 532 1600 585; baseline -0.008 -10"><span class='ocrx_word' id='word_1_43' title='bbox 212 533 404 578; x_wconf 73' lang='lat' dir='ltr'>¹⁴5jl¹8um</span> <span class='ocrx_word' id='word_1_44' title='bbox 426 534 592 578; x_wconf 64' lang='lat' dir='ltr'><em>Hispani</em></span> <span class='ocrx_word' id='word_1_45' title='bbox 608 537 775 576; x_wconf 77' lang='lat' dir='ltr'>accipere</span> <span class='ocrx_word' id='word_1_46' title='bbox 801 542 1035 583; x_wconf 78' lang='lat' dir='ltr'>potuerunt,</span> <span class='ocrx_word' id='word_1_47' title='bbox 1071 549 1185 585; x_wconf 81' lang='lat' dir='ltr'>quam</span> <span class='ocrx_word' id='word_1_48' title='bbox 1213 538 1349 569; x_wconf 82' lang='lat' dir='ltr'>Caesar</span> <span class='ocrx_word' id='word_1_49' title='bbox 1373 532 1574 578; x_wconf 77' lang='lat' dir='ltr'>Augustus</span> <span class='ocrx_word' id='word_1_50' title='bbox 1589 556 1600 573; x_wconf 86' lang='lat'><em>,</em></span> 
     </span>
     <span class='ocr_line' id='line_1_7' title="bbox 206 593 1603 640; baseline 0.001 -14"><span class='ocrx_word' id='word_1_51' title='bbox 206 593 426 640; x_wconf 85' lang='lat' dir='ltr'>perdomito</span> <span class='ocrx_word' id='word_1_52' title='bbox 448 596 558 639; x_wconf 80' lang='lat' dir='ltr'>orbe,</span> <span class='ocrx_word' id='word_1_53' title='bbox 591 596 767 630; x_wconf 81' lang='lat' dir='ltr'>victricia</span> <span class='ocrx_word' id='word_1_54' title='bbox 793 597 846 631; x_wconf 79' lang='lat' dir='ltr'>ad</span> <span class='ocrx_word' id='word_1_55' title='bbox 868 610 930 631; x_wconf 82' lang='lat' dir='ltr'>eos</span> <span class='ocrx_word' id='word_1_56' title='bbox 954 610 1063 632; x_wconf 82' lang='lat' dir='ltr'>arma</span> <span class='ocrx_word' id='word_1_57' title='bbox 1089 597 1312 637; x_wconf 80' lang='lat' dir='ltr'>transtullt,</span> <span class='ocrx_word' id='word_1_58' title='bbox 1346 593 1603 639; x_wconf 80' lang='lat' dir='ltr'><strong><em>populumque</em></strong></span> 
     </span>
     <span class='ocr_line' id='line_1_8' title="bbox 211 651 1602 707; baseline 0.001 -20"><span class='ocrx_word' id='word_1_59' title='bbox 211 651 415 689; x_wconf 78' lang='lat' dir='ltr'>barbarum</span> <span class='ocrx_word' id='word_1_60' title='bbox 441 668 485 689; x_wconf 88' lang='lat' dir='ltr'>ac</span> <span class='ocrx_word' id='word_1_61' title='bbox 494 658 632 702; x_wconf 76' lang='lat' dir='ltr'>ferum</span> <span class='ocrx_word' id='word_1_62' title='bbox 657 658 761 707; x_wconf 86' lang='lat' dir='ltr'>(puta</span> <span class='ocrx_word' id='word_1_63' title='bbox 785 657 1006 704; x_wconf 83' lang='lat' dir='ltr'>Cantabros)</span> <span class='ocrx_word' id='word_1_64' title='bbox 1028 656 1177 704; x_wconf 77' lang='lat' dir='ltr'>legibus</span> <span class='ocrx_word' id='word_1_65' title='bbox 1199 657 1252 691; x_wconf 88' lang='lat' dir='ltr'>ad</span> <span class='ocrx_word' id='word_1_66' title='bbox 1272 656 1472 690; x_wconf 80' lang='lat' dir='ltr'>cultiorem</span> <span class='ocrx_word' id='word_1_67' title='bbox 1498 653 1602 688; x_wconf 81' lang='lat' dir='ltr'>vitae</span> 
     </span>
     <span class='ocr_line' id='line_1_9' title="bbox 210 713 1599 765; baseline 0.003 -17"><span class='ocrx_word' id='word_1_68' title='bbox 210 727 321 749; x_wconf 83' lang='lat' dir='ltr'>usum</span> <span class='ocrx_word' id='word_1_69' title='bbox 353 716 573 749; x_wconf 84' lang='lat' dir='ltr'>traductum</span> <span class='ocrx_word' id='word_1_70' title='bbox 605 716 645 749; x_wconf 81' lang='lat' dir='ltr'>in</span> <span class='ocrx_word' id='word_1_71' title='bbox 678 717 851 760; x_wconf 75' lang='lat' dir='ltr'>fbrmam</span> <span class='ocrx_word' id='word_1_72' title='bbox 883 718 1103 765; x_wconf 85' lang='lat' dir='ltr'>provinciae</span> <span class='ocrx_word' id='word_1_73' title='bbox 1133 717 1356 764; x_wconf 78' lang='lat' dir='ltr'>redegit.—</span> <span class='ocrx_word' id='word_1_74' title='bbox 1381 727 1416 759; x_wconf 84' lang='lat'>3-</span> <span class='ocrx_word' id='word_1_75' title='bbox 1448 713 1501 749; x_wconf 83' lang='lat' dir='ltr'>Tu</span> <span class='ocrx_word' id='word_1_76' title='bbox 1525 727 1599 750; x_wconf 75' lang='lat' dir='ltr'><strong>sus·</strong></span> 
     </span>
     <span class='ocr_line' id='line_1_10' title="bbox 210 776 1600 825; baseline 0.001 -16"><span class='ocrx_word' id='word_1_77' title='bbox 210 777 348 812; x_wconf 83' lang='lat' dir='ltr'>tineres</span> <span class='ocrx_word' id='word_1_78' title='bbox 393 789 533 812; x_wconf 85' lang='lat' dir='ltr'>mecum</span> <span class='ocrx_word' id='word_1_79' title='bbox 566 777 669 813; x_wconf 89' lang='lat' dir='ltr'>adire</span> <span class='ocrx_word' id='word_1_80' title='bbox 707 779 860 815; x_wconf 83' lang='lat' dir='ltr'>navibus</span> <span class='ocrx_word' id='word_1_81' title='bbox 893 778 1048 825; x_wconf 84' lang='lat' dir='ltr'><em>Syrtes,</em></span> <span class='ocrx_word' id='word_1_82' title='bbox 1087 793 1164 815; x_wconf 78' lang='lat' dir='ltr'>eam</span> <span class='ocrx_word' id='word_1_83' title='bbox 1202 778 1350 813; x_wconf 74' lang='lat' dir='ltr'>Africae</span> <span class='ocrx_word' id='word_1_84' title='bbox 1379 790 1501 819; x_wconf 84' lang='lat' dir='ltr'>oram,</span> <span class='ocrx_word' id='word_1_85' title='bbox 1539 776 1600 812; x_wconf 81' lang='lat' dir='ltr'>cui</span> 
     </span>
     <span class='ocr_line' id='line_1_11' title="bbox 207 837 1600 890; baseline 0.001 -20"><span class='ocrx_word' id='word_1_86' title='bbox 207 837 337 886; x_wconf 79' lang='lat' dir='ltr'>Syrtes</span> <span class='ocrx_word' id='word_1_87' title='bbox 369 844 580 886; x_wconf 82' lang='lat' dir='ltr'>praetentae</span> <span class='ocrx_word' id='word_1_88' title='bbox 606 844 712 880; x_wconf 79' lang='lat' dir='ltr'>sunt,</span> <span class='ocrx_word' id='word_1_89' title='bbox 744 840 910 890; x_wconf 80' lang='lat' dir='ltr'>adeoque</span> <span class='ocrx_word' id='word_1_90' title='bbox 944 841 1293 890; x_wconf 76' lang='lat' dir='ltr'>periculosissimam</span> <span class='ocrx_word' id='word_1_91' title='bbox 1327 839 1600 886; x_wconf 82' lang='lat' dir='ltr'>navigationem</span> 
     </span>
     <span class='ocr_line' id='line_1_12' title="bbox 207 897 1598 950; baseline 0.002 -18"><span class='ocrx_word' id='word_1_92' title='bbox 207 911 275 933; x_wconf 86' lang='lat' dir='ltr'>non</span> <span class='ocrx_word' id='word_1_93' title='bbox 310 910 506 933; x_wconf 81' lang='lat' dir='ltr'>recusares.</span> <span class='ocrx_word' id='word_1_94' title='bbox 554 898 682 934; x_wconf 82' lang='lat' dir='ltr'>Facile</span> <span class='ocrx_word' id='word_1_95' title='bbox 721 901 757 934; x_wconf 90' lang='lat' dir='ltr'>in</span> <span class='ocrx_word' id='word_1_96' title='bbox 781 901 875 936; x_wconf 80' lang='lat' dir='ltr'>hanc</span> <span class='ocrx_word' id='word_1_97' title='bbox 907 903 1126 936; x_wconf 78' lang='lat' dir='ltr'>sententiam</span> <span class='ocrx_word' id='word_1_98' title='bbox 1152 902 1287 937; x_wconf 78' lang='lat' dir='ltr'>ducunt</span> <span class='ocrx_word' id='word_1_99' title='bbox 1313 900 1506 950; x_wconf 68' lang='lat' dir='ltr'>adposita,</span> <span class='ocrx_word' id='word_1_100' title='bbox 1533 897 1598 933; x_wconf 67' lang='lat' dir='ltr'>ubi</span> 
     </span>
     <span class='ocr_line' id='line_1_13' title="bbox 207 958 1598 1014; baseline 0.002 -24"><span class='ocrx_word' id='word_1_101' title='bbox 207 958 307 991; x_wconf 84' lang='lat' dir='ltr'>unda</span> <span class='ocrx_word' id='word_1_102' title='bbox 328 958 470 1006; x_wconf 52' lang='lat' dir='ltr'>fide-ura</span> <span class='ocrx_word' id='word_1_103' title='bbox 497 965 672 1003; x_wconf 83' lang='lat' dir='ltr'><em>aestuat,</em></span> <span class='ocrx_word' id='word_1_104' title='bbox 704 961 753 997; x_wconf 79' lang='lat' dir='ltr'>ad</span> <span class='ocrx_word' id='word_1_105' title='bbox 774 975 866 1014; x_wconf 80' lang='lat' dir='ltr'>quae</span> <span class='ocrx_word' id='word_1_106' title='bbox 899 963 990 997; x_wconf 81' lang='lat' dir='ltr'><strong>vada</strong></span> <span class='ocrx_word' id='word_1_107' title='bbox 1012 965 1186 998; x_wconf 79' lang='lat' dir='ltr'>continuo</span> <span class='ocrx_word' id='word_1_108' title='bbox 1218 962 1346 998; x_wconf 72' lang='lat' dir='ltr'>fluctus</span> <span class='ocrx_word' id='word_1_109' title='bbox 1372 960 1598 1002; x_wconf 81' lang='lat' dir='ltr'>alliduntur,</span> 
     </span>
     <span class='ocr_line' id='line_1_14' title="bbox 206 1019 1596 1073; baseline 0.002 -20"><span class='ocrx_word' id='word_1_110' title='bbox 206 1019 268 1053; x_wconf 87' lang='lat' dir='ltr'>ubi</span> <span class='ocrx_word' id='word_1_111' title='bbox 304 1032 398 1055; x_wconf 75' lang='lat' dir='ltr'>mare</span> <span class='ocrx_word' id='word_1_112' title='bbox 438 1030 490 1055; x_wconf 75' lang='lat' dir='ltr'>est</span> <span class='ocrx_word' id='word_1_113' title='bbox 535 1024 772 1063; x_wconf 64' lang='lat' dir='ltr'>acerrimum,</span> <span class='ocrx_word' id='word_1_114' title='bbox 818 1022 864 1057; x_wconf 84' lang='lat' dir='ltr'>ad</span> <span class='ocrx_word' id='word_1_115' title='bbox 885 1021 1087 1070; x_wconf 82' lang='lat' dir='ltr'>augendam</span> <span class='ocrx_word' id='word_1_116' title='bbox 1114 1021 1271 1073; x_wconf 79' lang='lat' dir='ltr'>periculi</span> <span class='ocrx_word' id='word_1_117' title='bbox 1295 1019 1596 1066; x_wconf 83' lang='lat' dir='ltr'>magnitudinem.</span> 
     </span>
     <span class='ocr_line' id='line_1_15' title="bbox 207 1081 1598 1131; baseline 0.004 -17"><span class='ocrx_word' id='word_1_118' title='bbox 207 1084 329 1131; x_wconf 85' lang='lat' dir='ltr'>Atque</span> <span class='ocrx_word' id='word_1_119' title='bbox 353 1081 402 1115; x_wconf 82' lang='lat' dir='ltr'>ita</span> <span class='ocrx_word' id='word_1_120' title='bbox 431 1081 537 1129; x_wconf 79' lang='lat' dir='ltr'>plane</span> <span class='ocrx_word' id='word_1_121' title='bbox 561 1084 595 1116; x_wconf 91' lang='lat' dir='ltr'>in</span> <span class='ocrx_word' id='word_1_122' title='bbox 622 1083 752 1118; x_wconf 79' lang='lat' dir='ltr'>eadem</span> <span class='ocrx_word' id='word_1_123' title='bbox 770 1085 906 1119; x_wconf 82' lang='lat' dir='ltr'>amoris</span> <span class='ocrx_word' id='word_1_124' title='bbox 932 1084 1189 1120; x_wconf 78' lang='lat' dir='ltr'>testificatione</span> <span class='ocrx_word' id='word_1_125' title='bbox 1217 1082 1438 1119; x_wconf 66' lang='lat' dir='ltr'>ovid-Am.</span> <span class='ocrx_word' id='word_1_126' title='bbox 1462 1081 1513 1115; x_wconf 76' lang='grc' dir='ltr'>Π.</span> <span class='ocrx_word' id='word_1_127' title='bbox 1539 1082 1598 1119; x_wconf 75' lang='grc'>16.</span> 
     </span>
     <span class='ocr_line' id='line_1_16' title="bbox 205 1140 1598 1192; baseline 0.002 -19"><span class='ocrx_word' id='word_1_128' title='bbox 205 1151 265 1181; x_wconf 73' lang='lat'>22,</span> <span class='ocrx_word' id='word_1_129' title='bbox 290 1142 378 1174; x_wconf 81' lang='lat' dir='ltr'>Cum</span> <span class='ocrx_word' id='word_1_130' title='bbox 399 1142 558 1175; x_wconf 77' lang='lat' dir='ltr'>d-›mina</span> <span class='ocrx_word' id='word_1_131' title='bbox 576 1141 742 1188; x_wconf 77' lang='lat' dir='ltr'>Liby-cas</span> <span class='ocrx_word' id='word_1_132' title='bbox 762 1143 888 1179; x_wconf 80' lang='lat' dir='ltr'>ausim</span> <span class='ocrx_word' id='word_1_133' title='bbox 899 1156 1150 1192; x_wconf 79' lang='lat' dir='ltr'><strong><em>perrumpere</em></strong></span> <span class='ocrx_word' id='word_1_134' title='bbox 1167 1143 1315 1192; x_wconf 79' lang='lat' dir='ltr'><em>Syrtes,</em></span> <span class='ocrx_word' id='word_1_135' title='bbox 1337 1155 1420 1178; x_wconf 81' lang='lat' dir='ltr'>nam</span> <span class='ocrx_word' id='word_1_136' title='bbox 1443 1140 1598 1190; x_wconf 75' lang='lat' dir='ltr'>adjicit3</span> 
     </span>
     <span class='ocr_line' id='line_1_17' title="bbox 205 1203 1598 1254; baseline 0.002 -18"><span class='ocrx_word' id='word_1_137' title='bbox 205 1210 243 1236; x_wconf 78' lang='lat' dir='ltr'>et</span> <span class='ocrx_word' id='word_1_138' title='bbox 269 1203 359 1236; x_wconf 85' lang='lat' dir='ltr'>dare</span> <span class='ocrx_word' id='word_1_139' title='bbox 383 1216 459 1237; x_wconf 83' lang='lat' dir='ltr'>non</span> <span class='ocrx_word' id='word_1_140' title='bbox 489 1204 623 1251; x_wconf 80' lang='lat' dir='ltr'>aequis</span> <span class='ocrx_word' id='word_1_141' title='bbox 659 1206 914 1254; x_wconf 67' lang='lat' dir='ltr'>velasti-enda</span> <span class='ocrx_word' id='word_1_142' title='bbox 947 1206 1073 1244; x_wconf 82' lang='lat' dir='ltr'>Notis.</span> <span class='ocrx_word' id='word_1_143' title='bbox 1123 1206 1193 1242; x_wconf 83' lang='lat' dir='ltr'>Vel</span> <span class='ocrx_word' id='word_1_144' title='bbox 1217 1209 1270 1242; x_wconf 85' lang='lat' dir='ltr'>sic</span> <span class='ocrx_word' id='word_1_145' title='bbox 1296 1214 1414 1240; x_wconf 84' lang='lat' dir='ltr'>tamen</span> <span class='ocrx_word' id='word_1_146' title='bbox 1436 1212 1523 1254; x_wconf 84' lang='lat' dir='ltr'>puto</span> <span class='ocrx_word' id='word_1_147' title='bbox 1546 1205 1598 1239; x_wconf 86' lang='lat' dir='ltr'>in·</span> 
     </span>
     <span class='ocr_line' id='line_1_18' title="bbox 205 1263 1597 1315; baseline 0.001 -16"><span class='ocrx_word' id='word_1_148' title='bbox 205 1263 324 1311; x_wconf 84' lang='lat' dir='ltr'>telligi</span> <span class='ocrx_word' id='word_1_149' title='bbox 362 1265 497 1301; x_wconf 86' lang='lat' dir='ltr'>debere</span> <span class='ocrx_word' id='word_1_150' title='bbox 534 1267 649 1315; x_wconf 80' lang='lat' dir='ltr'>ipsam</span> <span class='ocrx_word' id='word_1_151' title='bbox 686 1268 834 1305; x_wconf 77' lang='lat' dir='ltr'>Africae</span> <span class='ocrx_word' id='word_1_152' title='bbox 867 1281 993 1312; x_wconf 86' lang='lat' dir='ltr'>oram,</span> <span class='ocrx_word' id='word_1_153' title='bbox 1029 1269 1175 1305; x_wconf 85' lang='lat' dir='ltr'>deserta</span> <span class='ocrx_word' id='word_1_154' title='bbox 1202 1266 1373 1312; x_wconf 80' lang='lat' dir='ltr'>Libyae,</span> <span class='ocrx_word' id='word_1_155' title='bbox 1406 1264 1456 1302; x_wconf 89' lang='lat' dir='ltr'>ob</span> <span class='ocrx_word' id='word_1_156' title='bbox 1479 1273 1597 1301; x_wconf 81' lang='lat' dir='ltr'>vastas</span> 
     </span>
     <span class='ocr_line' id='line_1_19' title="bbox 204 1325 1596 1382; baseline 0.002 -23"><span class='ocrx_word' id='word_1_157' title='bbox 204 1325 444 1367; x_wconf 75' lang='lat' dir='ltr'>solitudines,</span> <span class='ocrx_word' id='word_1_158' title='bbox 476 1326 568 1363; x_wconf 83' lang='lat' dir='ltr'>solis</span> <span class='ocrx_word' id='word_1_159' title='bbox 602 1329 810 1374; x_wconf 79' lang='lat' dir='ltr'>fervorem,</span> <span class='ocrx_word' id='word_1_160' title='bbox 850 1330 1080 1382; x_wconf 81' lang='lat' dir='ltr'>ferarumque</span> <span class='ocrx_word' id='word_1_161' title='bbox 1120 1333 1286 1366; x_wconf 77' lang='lat' dir='ltr'>incursus</span> <span class='ocrx_word' id='word_1_162' title='bbox 1323 1330 1379 1363; x_wconf 86' lang='lat' dir='ltr'>vix</span> <span class='ocrx_word' id='word_1_163' title='bbox 1412 1326 1596 1363; x_wconf 77' lang='lat' dir='ltr'>adeunda.</span> 
     </span>
     <span class='ocr_line' id='line_1_20' title="bbox 205 1386 1598 1441; baseline 0.003 -21"><span class='ocrx_word' id='word_1_164' title='bbox 205 1386 300 1422; x_wconf 88' lang='lat' dir='ltr'>Tum</span> <span class='ocrx_word' id='word_1_165' title='bbox 333 1398 540 1424; x_wconf 77' lang='lat' dir='ltr'>constanter</span> <span class='ocrx_word' id='word_1_166' title='bbox 577 1399 776 1427; x_wconf 81' lang='lat' dir='ltr'>extremam</span> <span class='ocrx_word' id='word_1_167' title='bbox 811 1392 978 1428; x_wconf 80' lang='lat' dir='ltr'>Africam</span> <span class='ocrx_word' id='word_1_168' title='bbox 1004 1405 1069 1441; x_wconf 85' lang='lat' dir='ltr'>per</span> <span class='ocrx_word' id='word_1_169' title='bbox 1098 1391 1225 1440; x_wconf 83' lang='lat' dir='ltr'>Syrtes</span> <span class='ocrx_word' id='word_1_170' title='bbox 1260 1387 1392 1426; x_wconf 78' lang='lat' dir='ltr'>Noster&#39;</span> <span class='ocrx_word' id='word_1_171' title='bbox 1414 1389 1598 1435; x_wconf 76' lang='lat' dir='ltr'>designat,</span> 
     </span>
     <span class='ocr_line' id='line_1_21' title="bbox 208 1448 1598 1496; baseline 0 -10"><span class='ocrx_word' id='word_1_172' title='bbox 208 1461 238 1479; x_wconf 74' lang='lat' dir='ltr'>V·</span> <span class='ocrx_word' id='word_1_173' title='bbox 262 1448 290 1481; x_wconf 79' lang='lat' dir='ltr'>I·</span> <span class='ocrx_word' id='word_1_174' title='bbox 315 1458 372 1483; x_wconf 84' lang='lat'>22·</span> <span class='ocrx_word' id='word_1_175' title='bbox 394 1455 427 1487; x_wconf 84' lang='lat'>5.</span> <span class='ocrx_word' id='word_1_176' title='bbox 455 1448 501 1483; x_wconf 82' lang='grc' dir='ltr'>ΙΙ.</span> <span class='ocrx_word' id='word_1_177' title='bbox 523 1459 580 1486; x_wconf 88' lang='grc'>20.</span> <span class='ocrx_word' id='word_1_178' title='bbox 607 1462 662 1496; x_wconf 86' lang='lat'>15.</span> <span class='ocrx_word' id='word_1_179' title='bbox 691 1460 729 1486; x_wconf 87' lang='lat' dir='ltr'>ut</span> <span class='ocrx_word' id='word_1_180' title='bbox 748 1453 838 1487; x_wconf 83' lang='lat' dir='ltr'>alios</span> <span class='ocrx_word' id='word_1_181' title='bbox 861 1461 1016 1488; x_wconf 84' lang='lat' dir='ltr'>taceam.</span> <span class='ocrx_word' id='word_1_182' title='bbox 1066 1451 1215 1488; x_wconf 85' lang='lat' dir='ltr'>Nullam</span> <span class='ocrx_word' id='word_1_183' title='bbox 1238 1451 1330 1486; x_wconf 69' lang='lat' dir='ltr'>adeo</span> <span class='ocrx_word' id='word_1_184' title='bbox 1351 1451 1423 1484; x_wconf 86' lang='lat' dir='ltr'>vim</span> <span class='ocrx_word' id='word_1_185' title='bbox 1447 1449 1598 1492; x_wconf 75' lang='lat' dir='ltr'>hahent,</span> 
     </span>
     <span class='ocr_line' id='line_1_22' title="bbox 205 1505 1600 1563; baseline 0.007 -24"><span class='ocrx_word' id='word_1_186' title='bbox 205 1505 347 1556; x_wconf 86' lang='lat' dir='ltr'>solique</span> <span class='ocrx_word' id='word_1_187' title='bbox 374 1512 518 1543; x_wconf 84' lang='lat' dir='ltr'>ornatui</span> <span class='ocrx_word' id='word_1_188' title='bbox 545 1509 629 1545; x_wconf 81' lang='lat' dir='ltr'>data</span> <span class='ocrx_word' id='word_1_189' title='bbox 665 1513 906 1547; x_wconf 82' lang='lat' dir='ltr'>existimanda</span> <span class='ocrx_word' id='word_1_190' title='bbox 934 1520 1017 1547; x_wconf 87' lang='lat' dir='ltr'>sunt</span> <span class='ocrx_word' id='word_1_191' title='bbox 1044 1513 1134 1555; x_wconf 85' lang='lat' dir='ltr'>illa,</span> <span class='ocrx_word' id='word_1_192' title='bbox 1170 1511 1237 1548; x_wconf 83' lang='lat' dir='ltr'>ubi</span> <span class='ocrx_word' id='word_1_193' title='bbox 1263 1514 1406 1547; x_wconf 87' lang='lat' dir='ltr'>Maura</span> <span class='ocrx_word' id='word_1_194' title='bbox 1429 1520 1501 1547; x_wconf 85' lang='lat' dir='ltr'>cet.</span> <span class='ocrx_word' id='word_1_195' title='bbox 1532 1526 1600 1563; x_wconf 89' lang='lat' dir='ltr'>pro</span> 
     </span>
     <span class='ocr_line' id='line_1_23' title="bbox 206 1566 1597 1619; baseline 0.007 -20"><span class='ocrx_word' id='word_1_196' title='bbox 206 1566 370 1613; x_wconf 77' lang='lat' dir='ltr'>vulgari,</span> <span class='ocrx_word' id='word_1_197' title='bbox 407 1567 534 1616; x_wconf 79' lang='lat' dir='ltr'>Syrtes</span> <span class='ocrx_word' id='word_1_198' title='bbox 568 1569 754 1619; x_wconf 78' lang='lat' dir='ltr'>Libycas,</span> <span class='ocrx_word' id='word_1_199' title='bbox 790 1581 826 1607; x_wconf 85' lang='lat' dir='ltr'>ut</span> <span class='ocrx_word' id='word_1_200' title='bbox 869 1572 1052 1606; x_wconf 81' lang='lat' dir='ltr'>Gaetulas</span> <span class='ocrx_word' id='word_1_201' title='bbox 1078 1571 1115 1608; x_wconf 92' lang='lat' dir='ltr'>S.</span> <span class='ocrx_word' id='word_1_202' title='bbox 1141 1573 1189 1606; x_wconf 88' lang='grc' dir='ltr'>ΙΙ.</span> <span class='ocrx_word' id='word_1_203' title='bbox 1224 1581 1280 1608; x_wconf 84' lang='lat'>20.</span> <span class='ocrx_word' id='word_1_204' title='bbox 1309 1581 1366 1612; x_wconf 85' lang='lat'>14.</span> <span class='ocrx_word' id='word_1_205' title='bbox 1390 1574 1597 1609; x_wconf 84' lang='lat' dir='ltr'>imitatione</span> 
     </span>
     <span class='ocr_line' id='line_1_24' title="bbox 203 1628 1599 1679; baseline 0.004 -18"><span class='ocrx_word' id='word_1_206' title='bbox 203 1628 398 1663; x_wconf 80' lang='lat' dir='ltr'>manifesto</span> <span class='ocrx_word' id='word_1_207' title='bbox 432 1631 477 1663; x_wconf 82' lang='lat' dir='ltr'>ad</span> <span class='ocrx_word' id='word_1_208' title='bbox 516 1630 580 1665; x_wconf 78' lang='lat' dir='ltr'>illa</span> <span class='ocrx_word' id='word_1_209' title='bbox 607 1631 744 1665; x_wconf 79' lang='lat' dir='ltr'>Catulli</span> <span class='ocrx_word' id='word_1_210' title='bbox 778 1630 841 1666; x_wconf 76' lang='lat' dir='ltr'>XI.</span> <span class='ocrx_word' id='word_1_211' title='bbox 869 1633 925 1677; x_wconf 74' lang='lat'>24.</span> <span class='ocrx_word' id='word_1_212' title='bbox 962 1631 1051 1664; x_wconf 85' lang='lat' dir='ltr'>Sive</span> <span class='ocrx_word' id='word_1_213' title='bbox 1086 1632 1126 1664; x_wconf 82' lang='lat' dir='ltr'>in</span> <span class='ocrx_word' id='word_1_214' title='bbox 1151 1637 1348 1665; x_wconf 74' lang='lat' dir='ltr'>extremos</span> <span class='ocrx_word' id='word_1_215' title='bbox 1380 1635 1599 1679; x_wconf 82' lang='lat' dir='ltr'>penetrabit</span> 
     </span>
     <span class='ocr_line' id='line_1_25' title="bbox 202 1688 1599 1736; baseline 0.005 -14"><span class='ocrx_word' id='word_1_216' title='bbox 202 1689 347 1732; x_wconf 76' lang='lat' dir='ltr'>Indos,</span> <span class='ocrx_word' id='word_1_217' title='bbox 386 1688 479 1722; x_wconf 79' lang='lat' dir='ltr'>litus</span> <span class='ocrx_word' id='word_1_218' title='bbox 516 1694 559 1723; x_wconf 85' lang='lat' dir='ltr'>ut</span> <span class='ocrx_word' id='word_1_219' title='bbox 591 1690 703 1735; x_wconf 76' lang='lat' dir='ltr'>longe</span> <span class='ocrx_word' id='word_1_220' title='bbox 734 1695 936 1724; x_wconf 75' lang='lat' dir='ltr'>resonante</span> <span class='ocrx_word' id='word_1_221' title='bbox 972 1691 1054 1725; x_wconf 82' lang='lat' dir='ltr'>an</span> <span class='ocrx_word' id='word_1_222' title='bbox 1083 1691 1263 1725; x_wconf 84' lang='lat' dir='ltr'>tunditur</span> <span class='ocrx_word' id='word_1_223' title='bbox 1286 1692 1409 1736; x_wconf 83' lang='lat' dir='ltr'>unda,</span> <span class='ocrx_word' id='word_1_224' title='bbox 1447 1693 1599 1730; x_wconf 80' lang='lat' dir='ltr'>directa.</span> 
     </span>
     <span class='ocr_line' id='line_1_26' title="bbox 202 1749 1595 1790; baseline 0.004 -6"><span class='ocrx_word' id='word_1_225' title='bbox 202 1749 244 1784; x_wconf 86' lang='lat' dir='ltr'>In</span> <span class='ocrx_word' id='word_1_226' title='bbox 275 1750 368 1784; x_wconf 79' lang='lat' dir='ltr'>hanc</span> <span class='ocrx_word' id='word_1_227' title='bbox 401 1751 621 1784; x_wconf 83' lang='lat' dir='ltr'>sententiam</span> <span class='ocrx_word' id='word_1_228' title='bbox 651 1749 845 1787; x_wconf 65' lang='lat' dir='ltr'>Claudiam·</span> <span class='ocrx_word' id='word_1_229' title='bbox 869 1752 904 1785; x_wconf 88' lang='lat' dir='ltr'>in</span> <span class='ocrx_word' id='word_1_230' title='bbox 938 1750 1024 1786; x_wconf 80' lang='lat' dir='ltr'><strong>Rus.</strong></span> <span class='ocrx_word' id='word_1_231' title='bbox 1048 1750 1092 1785; x_wconf 82' lang='lat' dir='ltr'>II.</span> <span class='ocrx_word' id='word_1_232' title='bbox 1117 1761 1198 1790; x_wconf 71' lang='lat'><strong>24⁶2.</strong></span> <span class='ocrx_word' id='word_1_233' title='bbox 1242 1751 1291 1786; x_wconf 87' lang='lat' dir='ltr'>Te</span> <span class='ocrx_word' id='word_1_234' title='bbox 1316 1752 1377 1786; x_wconf 77' lang='lat' dir='ltr'>vel</span> <span class='ocrx_word' id='word_1_235' title='bbox 1398 1754 1450 1788; x_wconf 86' lang='lat' dir='ltr'>ad</span> <span class='ocrx_word' id='word_1_236' title='bbox 1473 1754 1595 1789; x_wconf 77' lang='lat' dir='ltr'>incen-</span> 
     </span>
     <span class='ocr_line' id='line_1_27' title="bbox 202 1809 1594 1854; baseline 0.007 -13"><span class='ocrx_word' id='word_1_237' title='bbox 202 1820 264 1842; x_wconf 83' lang='lat' dir='ltr'>sas</span> <span class='ocrx_word' id='word_1_238' title='bbox 296 1809 439 1854; x_wconf 84' lang='lat' dir='ltr'><em>Libyae</em></span> <span class='ocrx_word' id='word_1_239' title='bbox 475 1809 686 1845; x_wconf 81' lang='lat' dir='ltr'>comitabor</span> <span class='ocrx_word' id='word_1_240' title='bbox 708 1822 869 1854; x_wconf 86' lang='lat' dir='ltr'>arenas,</span> <span class='ocrx_word' id='word_1_241' title='bbox 891 1829 937 1838; x_wconf 94' lang='lat'><strong>—</strong></span> <span class='ocrx_word' id='word_1_242' title='bbox 970 1809 1151 1846; x_wconf 80' lang='lat' dir='ltr'>barbaras</span> <span class='ocrx_word' id='word_1_243' title='bbox 1182 1812 1390 1848; x_wconf 82' lang='lat' dir='ltr'>accolarum</span> <span class='ocrx_word' id='word_1_244' title='bbox 1408 1813 1594 1852; x_wconf 81' lang='lat' dir='ltr'>feritatem</span> 
     </span>
     <span class='ocr_line' id='line_1_28' title="bbox 201 1870 380 1906; baseline 0 -1"><span class='ocrx_word' id='word_1_245' title='bbox 201 1870 380 1906; x_wconf 78' lang='lat' dir='ltr'>declarat.</span> 
     </span>
    </p>

    <p class='ocr_par' dir='ltr' id='par_1_3' title="bbox 193 1933 1599 2666">
     <span class='ocr_line' id='line_1_29' title="bbox 292 1933 1593 1982; baseline 0.008 -19"><span class='ocrx_word' id='word_1_246' title='bbox 292 1944 324 1965; x_wconf 77' lang='grc' dir='ltr'>τ.</span> <span class='ocrx_word' id='word_1_247' title='bbox 359 1945 379 1978; x_wconf 87' lang='lat'><em>5</em></span> <span class='ocrx_word' id='word_1_248' title='bbox 412 1951 456 1959; x_wconf 92' lang='lat'>-</span> <span class='ocrx_word' id='word_1_249' title='bbox 481 1937 513 1970; x_wconf 85' lang='grc'>8.</span> <span class='ocrx_word' id='word_1_250' title='bbox 553 1933 700 1969; x_wconf 83' lang='lat' dir='ltr'>Utinam</span> <span class='ocrx_word' id='word_1_251' title='bbox 738 1937 772 1969; x_wconf 90' lang='lat' dir='ltr'>in</span> <span class='ocrx_word' id='word_1_252' title='bbox 804 1933 1002 1978; x_wconf 62' lang='lat' dir='ltr'>Tiburtina</span> <span class='ocrx_word' id='word_1_253' title='bbox 1036 1939 1184 1982; x_wconf 83' lang='lat' dir='ltr'>regione</span> <span class='ocrx_word' id='word_1_254' title='bbox 1211 1943 1413 1972; x_wconf 80' lang='lat' dir='ltr'>extremam</span> <span class='ocrx_word' id='word_1_255' title='bbox 1438 1945 1593 1975; x_wconf 81' lang='lat' dir='ltr'>aetatem</span> 
     </span>
     <span class='ocr_line' id='line_1_30' title="bbox 198 1994 1594 2046; baseline 0.004 -17"><span class='ocrx_word' id='word_1_256' title='bbox 198 1994 336 2040; x_wconf 75' lang='lat' dir='ltr'>degere</span> <span class='ocrx_word' id='word_1_257' title='bbox 375 1994 503 2030; x_wconf 81' lang='lat' dir='ltr'>liceat!</span> <span class='ocrx_word' id='word_1_258' title='bbox 548 1994 686 2031; x_wconf 84' lang='lat' dir='ltr'>Ornate</span> <span class='ocrx_word' id='word_1_259' title='bbox 719 2009 785 2046; x_wconf 84' lang='lat' dir='ltr'>pro</span> <span class='ocrx_word' id='word_1_260' title='bbox 822 1997 917 2038; x_wconf 84' lang='lat' dir='ltr'>hoc,</span> <span class='ocrx_word' id='word_1_261' title='bbox 950 1998 1087 2032; x_wconf 80' lang='lat' dir='ltr'>utinam</span> <span class='ocrx_word' id='word_1_262' title='bbox 1121 1997 1240 2033; x_wconf 78' lang='lat' dir='ltr'>Tibur</span> <span class='ocrx_word' id='word_1_263' title='bbox 1269 2011 1376 2033; x_wconf 86' lang='lat' dir='ltr'>meae</span> <span class='ocrx_word' id='word_1_264' title='bbox 1399 2005 1594 2044; x_wconf 81' lang='lat' dir='ltr'>senectae,</span> 
     </span>
     <span class='ocr_line' id='line_1_31' title="bbox 198 2056 1596 2112; baseline 0.005 -23"><span class='ocrx_word' id='word_1_265' title='bbox 198 2056 313 2097; x_wconf 83' lang='lat' dir='ltr'>mihi,</span> <span class='ocrx_word' id='word_1_266' title='bbox 357 2057 436 2091; x_wconf 83' lang='lat' dir='ltr'>seni</span> <span class='ocrx_word' id='word_1_267' title='bbox 471 2056 595 2100; x_wconf 86' lang='lat' dir='ltr'>facto,</span> <span class='ocrx_word' id='word_1_268' title='bbox 633 2057 760 2100; x_wconf 84' lang='lat' dir='ltr'>sedes,</span> <span class='ocrx_word' id='word_1_269' title='bbox 795 2059 897 2094; x_wconf 84' lang='lat' dir='ltr'>locus</span> <span class='ocrx_word' id='word_1_270' title='bbox 929 2062 1105 2111; x_wconf 86' lang='lat' dir='ltr'>requietis</span> <span class='ocrx_word' id='word_1_271' title='bbox 1125 2059 1199 2102; x_wconf 81' lang='lat' dir='ltr'>sit,</span> <span class='ocrx_word' id='word_1_272' title='bbox 1234 2059 1433 2112; x_wconf 64' lang='lat' dir='ltr'>aliquando</span> <span class='ocrx_word' id='word_1_273' title='bbox 1454 2063 1596 2098; x_wconf 79' lang='lat' dir='ltr'>contin·</span> 
     </span>
     <span class='ocr_line' id='line_1_32' title="bbox 199 2117 1598 2175; baseline 0.006 -24"><span class='ocrx_word' id='word_1_274' title='bbox 199 2126 283 2163; x_wconf 74' lang='lat' dir='ltr'>gat,</span> <span class='ocrx_word' id='word_1_275' title='bbox 312 2119 448 2152; x_wconf 80' lang='lat' dir='ltr'>utinam</span> <span class='ocrx_word' id='word_1_276' title='bbox 487 2117 628 2154; x_wconf 83' lang='lat' dir='ltr'>Tibure</span> <span class='ocrx_word' id='word_1_277' title='bbox 664 2119 790 2155; x_wconf 85' lang='lat' dir='ltr'>sedem</span> <span class='ocrx_word' id='word_1_278' title='bbox 824 2121 957 2167; x_wconf 76' lang='lat' dir='ltr'>figere,</span> <span class='ocrx_word' id='word_1_279' title='bbox 996 2123 1032 2156; x_wconf 83' lang='lat' dir='ltr'>iu</span> <span class='ocrx_word' id='word_1_280' title='bbox 1066 2131 1256 2158; x_wconf 83' lang='lat' dir='ltr'>senectute</span> <span class='ocrx_word' id='word_1_281' title='bbox 1287 2122 1339 2157; x_wconf 86' lang='lat' dir='ltr'>ibi</span> <span class='ocrx_word' id='word_1_282' title='bbox 1361 2125 1598 2175; x_wconf 72' lang='lat' dir='ltr'>requiescere</span> 
     </span>
     <span class='ocr_line' id='line_1_33' title="bbox 197 2178 1594 2231; baseline 0.008 -19"><span class='ocrx_word' id='word_1_283' title='bbox 197 2178 324 2213; x_wconf 85' lang='lat' dir='ltr'>liceat.</span> <span class='ocrx_word' id='word_1_284' title='bbox 383 2178 537 2214; x_wconf 81' lang='lat' dir='ltr'>Tiburis</span> <span class='ocrx_word' id='word_1_285' title='bbox 570 2178 695 2216; x_wconf 83' lang='lat' dir='ltr'>laudes</span> <span class='ocrx_word' id='word_1_286' title='bbox 740 2181 851 2217; x_wconf 74' lang='lat' dir='ltr'>habes</span> <span class='ocrx_word' id='word_1_287' title='bbox 894 2181 926 2220; x_wconf 94' lang='lat' dir='ltr'>I.</span> <span class='ocrx_word' id='word_1_288' title='bbox 960 2193 994 2222; x_wconf 88' lang='grc'>7.</span> <span class='ocrx_word' id='word_1_289' title='bbox 1036 2193 1090 2219; x_wconf 81' lang='lat'>12·</span> <span class='ocrx_word' id='word_1_290' title='bbox 1128 2183 1331 2229; x_wconf 82' lang='lat' dir='ltr'>Positum,</span> <span class='ocrx_word' id='word_1_291' title='bbox 1376 2186 1594 2231; x_wconf 78' lang='lat' dir='ltr'>fundatum,</span> 
     </span>
     <span class='ocr_line' id='line_1_34' title="bbox 201 2243 1599 2297; baseline -0.001 -18"><span class='ocrx_word' id='word_1_292' title='bbox 201 2243 389 2279; x_wconf 83' lang='lat' dir='ltr'>conditum</span> <span class='ocrx_word' id='word_1_293' title='bbox 420 2246 487 2287; x_wconf 87' lang='lat' dir='ltr'>(ut</span> <span class='ocrx_word' id='word_1_294' title='bbox 513 2243 645 2291; x_wconf 65' lang='lat' dir='ltr'>virgil.</span> <span class='ocrx_word' id='word_1_295' title='bbox 668 2245 761 2281; x_wconf 86' lang='lat' dir='ltr'>Aen.</span> <span class='ocrx_word' id='word_1_296' title='bbox 784 2245 858 2282; x_wconf 89' lang='lat'>111.</span> <span class='ocrx_word' id='word_1_297' title='bbox 882 2249 914 2284; x_wconf 89' lang='grc'>8.</span> <span class='ocrx_word' id='word_1_298' title='bbox 937 2246 999 2280; x_wconf 83' lang='lat' dir='ltr'>IV.</span> <span class='ocrx_word' id='word_1_299' title='bbox 1024 2257 1104 2283; x_wconf 81' lang='lat'>212.</span> <span class='ocrx_word' id='word_1_300' title='bbox 1132 2255 1166 2283; x_wconf 89' lang='lat' dir='ltr'>et</span> <span class='ocrx_word' id='word_1_301' title='bbox 1192 2249 1368 2297; x_wconf 75' lang='lat' dir='ltr'>saepius)</span> <span class='ocrx_word' id='word_1_302' title='bbox 1393 2257 1471 2284; x_wconf 83' lang='lat' dir='ltr'>erat</span> <span class='ocrx_word' id='word_1_303' title='bbox 1496 2249 1599 2284; x_wconf 82' lang='lat' dir='ltr'>colo.</span> 
     </span>
     <span class='ocr_line' id='line_1_35' title="bbox 202 2302 1594 2356; baseline 0.005 -18"><span class='ocrx_word' id='word_1_304' title='bbox 202 2318 249 2339; x_wconf 84' lang='lat' dir='ltr'>no</span> <span class='ocrx_word' id='word_1_305' title='bbox 273 2319 293 2340; x_wconf 89' lang='lat' dir='ltr'>a</span> <span class='ocrx_word' id='word_1_306' title='bbox 317 2304 449 2340; x_wconf 86' lang='lat' dir='ltr'>colono</span> <span class='ocrx_word' id='word_1_307' title='bbox 475 2305 628 2350; x_wconf 79' lang='lat' dir='ltr'>Argeo,</span> <span class='ocrx_word' id='word_1_308' title='bbox 662 2302 838 2353; x_wconf 73' lang='grc' dir='ltr'><strong><em>Ἀργείῳ,</em></strong></span> <span class='ocrx_word' id='word_1_309' title='bbox 874 2306 1038 2353; x_wconf 79' lang='lat' dir='ltr'>Argivo,</span> <span class='ocrx_word' id='word_1_310' title='bbox 1076 2321 1096 2343; x_wconf 85' lang='lat' dir='ltr'>a</span> <span class='ocrx_word' id='word_1_311' title='bbox 1115 2309 1258 2344; x_wconf 82' lang='lat' dir='ltr'>colonis</span> <span class='ocrx_word' id='word_1_312' title='bbox 1279 2309 1448 2356; x_wconf 80' lang='lat' dir='ltr'>Argivis,</span> <span class='ocrx_word' id='word_1_313' title='bbox 1482 2322 1504 2345; x_wconf 85' lang='lat' dir='ltr'>a</span> <span class='ocrx_word' id='word_1_314' title='bbox 1523 2309 1594 2345; x_wconf 91' lang='lat' dir='ltr'>Ti-</span> 
     </span>
     <span class='ocr_line' id='line_1_36' title="bbox 199 2364 1592 2411; baseline 0.003 -9"><span class='ocrx_word' id='word_1_315' title='bbox 199 2365 340 2409; x_wconf 77' lang='lat' dir='ltr'>burno,</span> <span class='ocrx_word' id='word_1_316' title='bbox 378 2364 539 2408; x_wconf 83' lang='lat' dir='ltr'>Catillo,</span> <span class='ocrx_word' id='word_1_317' title='bbox 576 2375 610 2402; x_wconf 85' lang='lat' dir='ltr'>et</span> <span class='ocrx_word' id='word_1_318' title='bbox 647 2366 763 2408; x_wconf 86' lang='lat' dir='ltr'>Cora,</span> <span class='ocrx_word' id='word_1_319' title='bbox 800 2367 998 2411; x_wconf 71' lang='lat' dir='ltr'>fratribus,</span> <span class='ocrx_word' id='word_1_320' title='bbox 1036 2382 1080 2405; x_wconf 89' lang='lat' dir='ltr'>eo</span> <span class='ocrx_word' id='word_1_321' title='bbox 1115 2368 1304 2408; x_wconf 77' lang='lat' dir='ltr'>deductis.</span> <span class='ocrx_word' id='word_1_322' title='bbox 1354 2370 1451 2406; x_wconf 84' lang='lat' dir='ltr'>Vide</span> <span class='ocrx_word' id='word_1_323' title='bbox 1477 2370 1526 2406; x_wconf 81' lang='lat' dir='ltr'>ad</span> <span class='ocrx_word' id='word_1_324' title='bbox 1561 2372 1592 2407; x_wconf 81' lang='lat'>1.</span> 
     </span>
     <span class='ocr_line' id='line_1_37' title="bbox 200 2423 1591 2470; baseline 0.001 -7"><span class='ocrx_word' id='word_1_325' title='bbox 200 2436 255 2466; x_wconf 86' lang='lat'>18.</span> <span class='ocrx_word' id='word_1_326' title='bbox 278 2438 311 2466; x_wconf 80' lang='lat'>2.</span> <span class='ocrx_word' id='word_1_327' title='bbox 348 2427 377 2462; x_wconf 91' lang='lat' dir='ltr'>E</span> <span class='ocrx_word' id='word_1_328' title='bbox 403 2428 539 2463; x_wconf 59' lang='lat' dir='ltr'>Nostro</span> <span class='ocrx_word' id='word_1_329' title='bbox 571 2426 736 2469; x_wconf 42' lang='lat' dir='ltr'>color-em</span> <span class='ocrx_word' id='word_1_330' title='bbox 758 2423 864 2464; x_wconf 62' lang='lat' dir='ltr'>din-it</span> <span class='ocrx_word' id='word_1_331' title='bbox 890 2428 1057 2464; x_wconf 82' lang='lat' dir='ltr'>Martial.</span> <span class='ocrx_word' id='word_1_332' title='bbox 1079 2429 1142 2467; x_wconf 83' lang='lat' dir='ltr'>lv.</span> <span class='ocrx_word' id='word_1_333' title='bbox 1171 2435 1227 2470; x_wconf 85' lang='grc'>57.</span> <span class='ocrx_word' id='word_1_334' title='bbox 1253 2431 1285 2467; x_wconf 82' lang='grc'>3.</span> <span class='ocrx_word' id='word_1_335' title='bbox 1324 2429 1378 2464; x_wconf 82' lang='grc' dir='ltr'>Τιι</span> <span class='ocrx_word' id='word_1_336' title='bbox 1398 2431 1494 2466; x_wconf 82' lang='lat' dir='ltr'>colis</span> <span class='ocrx_word' id='word_1_337' title='bbox 1517 2431 1591 2465; x_wconf 84' lang='lat' dir='ltr'>Ar-</span> 
     </span>
     <span class='ocr_line' id='line_1_38' title="bbox 193 2489 1593 2538; baseline 0.001 -14"><span class='ocrx_word' id='word_1_338' title='bbox 193 2491 503 2538; x_wconf 77' lang='lat' dir='ltr'>givi&#39;regnum,</span> <span class='ocrx_word' id='word_1_339' title='bbox 542 2489 749 2533; x_wconf 69' lang='lat' dir='ltr'>Faunine,</span> <span class='ocrx_word' id='word_1_340' title='bbox 784 2493 928 2537; x_wconf 84' lang='lat' dir='ltr'>coloni,</span> <span class='ocrx_word' id='word_1_341' title='bbox 963 2494 1000 2536; x_wconf 71' lang='lat' dir='ltr'>h„</span> <span class='ocrx_word' id='word_1_342' title='bbox 1032 2494 1172 2532; x_wconf 82' lang='lat' dir='ltr'>Tibure</span> <span class='ocrx_word' id='word_1_343' title='bbox 1197 2494 1448 2531; x_wconf 78' lang='lat' dir='ltr'>commoraris.</span> <span class='ocrx_word' id='word_1_344' title='bbox 1499 2493 1593 2527; x_wconf 87' lang='lat' dir='ltr'>Mea</span> 
     </span>
     <span class='ocr_line' id='line_1_39' title="bbox 196 2549 1597 2602; baseline 0.003 -19"><span class='ocrx_word' id='word_1_345' title='bbox 196 2556 369 2594; x_wconf 81' lang='lat' dir='ltr'>senecta,</span> <span class='ocrx_word' id='word_1_346' title='bbox 407 2559 444 2585; x_wconf 86' lang='lat' dir='ltr'>ut</span> <span class='ocrx_word' id='word_1_347' title='bbox 470 2549 613 2586; x_wconf 84' lang='lat' dir='ltr'>Tibull.</span> <span class='ocrx_word' id='word_1_348' title='bbox 643 2550 713 2585; x_wconf 88' lang='lat'>111.</span> <span class='ocrx_word' id='word_1_349' title='bbox 738 2563 773 2595; x_wconf 82' lang='lat'>3.</span> <span class='ocrx_word' id='word_1_350' title='bbox 804 2560 836 2591; x_wconf 81' lang='lat'>8.</span> <span class='ocrx_word' id='word_1_351' title='bbox 886 2555 1006 2602; x_wconf 80' lang='lat' dir='ltr'>Inque</span> <span class='ocrx_word' id='word_1_352' title='bbox 1031 2561 1095 2591; x_wconf 76' lang='lat' dir='ltr'>tuo</span> <span class='ocrx_word' id='word_1_353' title='bbox 1116 2556 1267 2590; x_wconf 83' lang='lat' dir='ltr'>caderet</span> <span class='ocrx_word' id='word_1_354' title='bbox 1285 2559 1419 2591; x_wconf 82' lang='lat' dir='ltr'>nostra</span> <span class='ocrx_word' id='word_1_355' title='bbox 1442 2559 1597 2589; x_wconf 83' lang='lat' dir='ltr'>senecta</span> 
     </span>
     <span class='ocr_line' id='line_1_40' title="bbox 200 2611 1599 2666; baseline 0.004 -23"><span class='ocrx_word' id='word_1_356' title='bbox 200 2611 300 2645; x_wconf 80' lang='lat' dir='ltr'>sinu.</span> <span class='ocrx_word' id='word_1_357' title='bbox 352 2612 447 2646; x_wconf 61' lang='lat' dir='ltr'>Alea</span> <span class='ocrx_word' id='word_1_358' title='bbox 467 2616 574 2646; x_wconf 85' lang='lat' dir='ltr'>aetas</span> <span class='ocrx_word' id='word_1_359' title='bbox 601 2611 766 2662; x_wconf 80' lang='lat' dir='ltr'>Propert.</span> <span class='ocrx_word' id='word_1_360' title='bbox 794 2614 839 2647; x_wconf 77' lang='grc' dir='ltr'>ΙΙ.</span> <span class='ocrx_word' id='word_1_361' title='bbox 866 2615 921 2658; x_wconf 78' lang='grc'>14.</span> <span class='ocrx_word' id='word_1_362' title='bbox 949 2627 982 2657; x_wconf 85' lang='grc'>7.</span> <span class='ocrx_word' id='word_1_363' title='bbox 1014 2615 1129 2651; x_wconf 80' lang='lat' dir='ltr'>Sedes</span> <span class='ocrx_word' id='word_1_364' title='bbox 1159 2617 1341 2666; x_wconf 76' lang='lat' dir='ltr'>exquisite</span> <span class='ocrx_word' id='word_1_365' title='bbox 1357 2617 1401 2650; x_wconf 86' lang='lat' dir='ltr'>de</span> <span class='ocrx_word' id='word_1_366' title='bbox 1432 2626 1599 2658; x_wconf 82' lang='lat' dir='ltr'>recessu,</span> 
     </span>
    </p>
   </div>
  </div>
 </body>
</html>
