1779 3085
691 199 1062 246 ...534-

182 308 423 357 parvissimae
444 316 526 344 sunt
549 305 697 345 umbrae
712 335 723 354 ‚
760 320 853 360 quae
876 321 983 360 quam
1009 317 1177 346 contorta
1202 311 1277 352 sit,
1300 308 1421 348 -facile
1450 310 1562 363 adpa-

178 375 245 402 ret.
272 367 378 403 Alios
401 376 537 412 autem,
561 369 700 406 Arcton
720 381 872 420 opacam
896 370 1047 416 privatis
1068 372 1196 412 (tertio
1222 373 1327 416 casu)
1352 375 1562 420 jungentes,

181 441 253 463 non
282 441 479 465 moramur.

269 500 304 528 v.
335 500 392 535 17.
417 501 499 539 sqq.
525 491 686 541 Maiores
716 494 813 527 enim
844 495 960 528 nostri
987 495 1161 543 privatim
1197 493 1417 542 frugalitatis
1446 491 1563 532 conti·

178 553 398 603 nentiaeque
430 554 591 590 maxime
624 556 803 590 rationem
827 554 1034 596 habebant;
1061 569 1153 607 quae
1183 565 1303 597 autem
1333 558 1380 593 ad
1410 557 1567 604 dignita-

179 622 251 648 tem
274 627 317 650 ac
335 619 564 663 majestatem
600 619 743 669 imperii
775 618 950 654 tuendam
985 620 1055 653 vim
1090 616 1296 663 haberent,
1335 632 1378 656 ea
1409 632 1497 655 vero
1524 627 1564 655 ut

175 688 281 726 quam
303 674 604 725 splendidissime
627 679 890 729 adpararentur
907 706 917 722 ,
943 679 1073 716 sedulo
1106 680 1293 717 curabant.
1320 680 1513 716 Praeclare
1528 682 1567 715 in

175 738 271 773 hanc
293 750 371 773 rem
396 739 477 775 Cic.
512 754 579 789 pro
603 742 728 783 Flace.
760 753 814 777 12.
843 743 944 776 Haec
980 741 1081 775 ratio
1114 753 1157 774 ac
1188 741 1416 788 magnitudo
1442 744 1552 776 anim

177 798 217 833 in
240 799 447 842 majoribus
482 802 627 836 nostris
645 802 758 847 fuit,
795 810 860 846 ut,
888 815 974 839 cum
1003 804 1042 837 in
1068 802 1233 845 privatis
1267 802 1377 841 rebus
1409 803 1564 849 suisque

174 860 364 895 sumtibus
388 861 550 895 minimo
580 864 752 898 contenti
779 864 1008 898 tenuissimo
1035 865 1140 897 cultu
1165 863 1349 904 viverent,
1377 863 1417 897 in
1448 865 1566 909 impe-

174 922 230 956 rio
251 929 365 968 atque
386 923 428 957 in
442 923 600 968 publica
619 925 813 971 dignitate
837 926 967 959 omnia
989 924 1039 957 ad
1056 923 1227 970 gloriam
1249 925 1564 971 splendoremque

174 989 404 1018 revocarent.
447 986 653 1034 Quaeritur
681 986 784 1020 enim
808 986 850 1020 in
868 998 912 1020 te
937 986 1145 1020 domestica
1169 986 1427 1020 continentiae
1450 987 1560 1026 laus,

170 1044 211 1077 in
228 1044 410 1089 publica,
435 1045 656 1092 dignitatis.
684 1047 785 1084 Idem
808 1062 875 1099 pro
906 1047 1075 1083 Muraen.
1101 1048 1159 1090 36.
1191 1045 1284 1079 Odit
1301 1047 1466 1090 populus
1487 1045 1560 1079 Ro.

172 1118 309 1141 manus
341 1110 536 1152 privatam
567 1110 794 1153 luxuriam,
825 1109 1023 1157 publicam
1053 1107 1382 1156 magnificentiam
1414 1106 1562 1153 diligis.

173 1169 397 1206 Generalem
419 1174 637 1207 sententiam
668 1174 800 1208 iterum
827 1172 981 1222 speciali
1006 1174 1179 1214 notione,
1215 1184 1233 1206 e
1267 1183 1338 1220 qua
1368 1169 1564 1206 diversitas

173 1230 245 1265 ista
269 1232 425 1279 maxime
453 1233 697 1280 intelligitur,
724 1232 887 1269 declarat
907 1241 1030 1283 poeta.
1060 1233 1178 1268 Aliter
1204 1229 1476 1266 adornabantur
1501 1244 1562 1268 ae-

172 1291 239 1327 des
258 1294 447 1341 privatae,
472 1293 580 1329 aliter
607 1293 794 1344 publicae.
822 1294 900 1329 Hae
929 1296 1080 1346 quidem
1107 1307 1217 1346 quam
1242 1294 1560 1335 sumtuosissimffi

171 1352 260 1387 illae
281 1366 390 1404 quam
412 1356 581 1390 minimo.
604 1354 725 1401 Leges
747 1367 823 1389 non
843 1355 1029 1398 sinebant,
1054 1355 1197 1403 legibus
1219 1362 1364 1391 cautum
1387 1362 1489 1398 erat,
1510 1369 1557 1392 ne

172 1414 252 1464 quis
274 1420 491 1459 sperneret,
519 1414 696 1462 jubebant
717 1416 818 1462 leges
842 1415 1013 1451 domibus
1039 1416 1268 1452 exstruendis
1298 1416 1470 1452 adhiberi
1502 1428 1557 1449 ee-

172 1475 334 1517 spitcm,
361 1490 432 1526 quo
453 1483 489 1511 et
514 1476 657 1511 culmen
682 1479 768 1513 tecti
789 1485 976 1526 pararetur
998 1477 1152 1524 (tuguri
1170 1481 1401 1523 congestum
1419 1475 1561 1521 cespite
1612 1504 1616 1507 a

178 1535 330 1568 culmen
350 1536 452 1581 Virg.
478 1536 556 1571 Ecl.
580 1536 611 1572 l.
635 1537 716 1582 69.)
733 1546 767 1572 et
784 1539 942 1585 parietes
965 1536 1240 1573 inducerentur.
1271 1557 1308 1563 —
1330 1539 1560 1584 fortuitum,

173 1593 343 1637 obvium,
368 1595 596 1643 parabilem,
635 1597 768 1644 vilem3
804 1612 931 1647 oppos,
959 1602 1161 1640 materiae,
1189 1608 1284 1648 quae
1318 1611 1449 1643 magna
1480 1613 1563 1635 cum

172 1653 393 1692 difficultate
411 1665 521 1709 atque
543 1660 706 1707 impensa
734 1662 975 1709 conquiritur.
1004 1661 1151 1695 l'etron.
1182 1671 1296 1694 carm.
1319 1660 1403 1692 min.
1430 1660 1497 1693 lv,
1526 1663 1561 1697 8.

168 1717 366 1760 (wernsd.
389 1717 490 1755 Poet.
513 1720 598 1752 min.
625 1717 690 1758 IV.
717 1719 816 1764 296.)
842 1717 897 1752 At
913 1721 1042 1764 paries
1065 1719 1164 1752 circa
1181 1719 1294 1766 palea
1315 1719 1481 1753 satiatos
1501 1719 1558 1753 in·

170 1778 494 1826 anifortuitoque
515 1780 609 1814 luto.
638 1780 770 1816 Senec·
797 1793 855 1829 ep.
879 1793 936 1824 90.
957 1780 1209 1825 Philosophia
1232 1780 1346 1823 haec,
1370 1792 1457 1814 cum
1477 1787 1559 1814 tan-

168 1845 206 1873 to
228 1840 489 1874 habitantium
518 1840 708 1885 periculo,
743 1840 992 1880 imminentia
1026 1846 1125 1875 tecta
1158 1840 1389 1884 suspendit?
1413 1841 1580 1874 Parum'

169 1900 273 1935 enim
295 1903 600 1951 erat,fortaitis
633 1905 733 1951 tegi,
761 1909 800 1938 ee
827 1905 910 1941 sine
940 1908 1023 1936 arte
1054 1909 1091 1936 et
1124 1901 1358 1949 difficultate
1381 1900 1559 1934 naturale
1594 1933 1599 1944 x

167 1962 242 1995 sibi
264 1961 436 1996 invenire
456 1964 615 2010 aliquod
633 1964 928 2010 receptaculum.
955 1983 999 1991 —
1025 1964 1109 1998 Ista
1135 1968 1230 1997 nata
1249 1967 1359 2004 sunt,
1386 1963 1471 2001 jam
1491 1973 1557 1995 na-

172 2030 296 2057 scente
318 2025 496 2067 luxurie,
521 2027 563 2059 in
588 2026 820 2073 quadratum
841 2027 950 2073 tigna
985 2024 1158 2061 decidere
1184 2033 1255 2061 cet.
1296 2024 1475 2069 Exiguam
1499 2036 1560 2058 au·

170 2094 244 2120 tem
270 2099 414 2129 casam,
453 2087 524 2123 vile
549 2090 729 2133 tugurium
754 2088 803 2121 ita
825 2087 1010 2131 designari
1035 2100 1055 2121 a
1078 2096 1186 2137 poeta
1220 2095 1320 2137 patet
1344 2087 1402 2122 vel
1428 2097 1471 2122 ex
1495 2097 1558 2136 op·

168 2150 351 2195 positione
376 2147 628 2184 aedificiorum
653 2146 900 2197 publicorum.
929 2147 1113 2195 Cespite-tn
1131 2147 1353 2195 simpliciter
1380 2145 1474 2182 illud
1497 2158 1557 2181 von

170 2218 227 2244 cat
254 2210 371 2245 Rutu.
397 2210 482 2245 ltin.
504 2214 538 2248 Ι.
563 2215 641 2250 555.
670 2209 853 2254 Exiguus
871 2223 998 2244 rerum
1022 2215 1186 2257 rectores
1214 2219 1352 2255 cespes·
1371 2207 1556 2249 habebat,

170 2276 208 2304 et
231 2270 477 2306 Cincinnatos
494 2273 633 2318 jugera
655 2283 780 2314 pauca
799 2271 952 2306 dabant.
981 2271 1114 2306 Talem
1139 2283 1260 2306 casam
1291 2270 1469 2306 describit
1490 2269 1553 2305 Se-

171 2345 263 2367 neca
295 2346 352 2381 ep.
386 2331 483 2366 laud.
523 2332 669 2366 Furcae
700 2331 896 2379 utrimque
927 2343 1126 2377 suspensae
1151 2331 1376 2379 fulciebant
1403 2341 1552 2365 casam:

169 2392 344 2439 spissatis
365 2392 596 2436 ramalibus,
622 2405 664 2426 ac
672 2391 817 2438 fronde
842 2400 1022 2438 congesta
1047 2399 1084 2427 et
1106 2394 1146 2427 in
1174 2394 1342 2440 proclive
1366 2390 1555 2438 disposita

170 2455 353 2490 decursus
371 2453 556 2498 imbribus
582 2459 757 2501 quamvis
780 2455 937 2505 magnis
953 2461 1050 2493 erat.
1077 2456 1213 2490 Errant
1235 2456 1351 2498 adeo,
1379 2456 1440 2506 qui
1469 2460 1554 2503 post

175 2518 327 2568 Cruquii
354 2516 480 2553 schot.
513 2517 731 2566 simpliciter
757 2528 846 2566 pro:
876 2519 910 2552 in
939 2519 1102 2565 gramine
1138 2516 1377 2559 recumbere,
1406 2516 1554 2560 hocque

174 2579 382 2628 simplicem
410 2591 452 2614 ac
473 2580 548 2613 sine
576 2577 776 2614 ambitione
805 2580 916 2613 vitam
938 2586 1100 2614 veterum
1127 2579 1375 2614 Romanorum
1396 2592 1415 2614 a
1441 2586 1551 2628 poeta

175 2640 399 2676 declaratum
426 2640 563 2681 volunt.
592 2658 629 2666 -
662 2646 714 2678 18.
740 2638 904 2676 Eaedem
927 2648 1052 2677 contra
1074 2639 1249 2688 jubebant
1272 2640 1410 2688 oppidu
1430 2638 1556 2685 publi.
