1779 3085
695 190 1062 234 -660-—

203 304 477 351 religiosissime
503 302 624 346 culta3
653 305 814 351 virgines
847 304 987 346 autern,
1021 302 1234 355 quibuscum
1261 301 1392 343 saltat,
1427 302 1572 337 nitidae

200 367 345 407 dictae,
380 365 566 413 eleganter
595 373 736 401 comtae
771 375 808 401 et
832 375 1006 407 ornatae,
1046 374 1081 399 ut
1119 367 1154 399 in
1177 365 1260 407 die,
1295 365 1434 399 Dianae
1453 377 1572 400 sacro.

295 436 380 462 v.21
406 438 484 473 sqq.
515 426 684 474 Vulgaris
709 427 974 463 continuandae
999 428 1171 463 orationis
1194 426 1290 461 ratio
1305 424 1464 460 serebat:
1491 424 1574 459 Mu·

200 501 239 524 sa
265 503 323 524 me
353 488 463 523 voluit
487 487 609 524 dicere
635 491 751 524 crines
772 488 850 523 Lic.
872 488 1159 537 pulcherrimos;
1187 499 1254 536 pro
1275 485 1369 527 hoc,
1406 496 1574 521 examad

203 554 291 585 toris
326 548 495 584 adfectu:
538 562 626 599 quos
660 551 824 584 maximis
860 548 993 598 opibus
1028 537 1322 597 anteposuerim,
1363 559 1449 581 auro
1484 546 1576 580 mihi

200 613 449 660 pretiosiores-
499 610 578 645 Jam
612 612 721 647 hosce
753 612 797 647 de
831 611 976 660 puellae
1017 624 1102 645 suae
1127 609 1400 659 pulchritudine
1426 620 1575 650 sensus,

201 685 290 723 quos
314 674 471 706 oninium
499 684 586 707 vana
608 682 788 708 amantum
810 675 995 722 persuasio
1019 685 1099 707 esse
1126 673 1327 713 existimat,
1365 684 1446 705 curn
1475 671 1577 705 Mae·

202 742 329 767 cenate
367 735 638 773 communicat,
681 735 857 785 hujusque
891 733 1047 779 eleganti
1069 732 1206 778 judicio
1231 732 1447 779 Licymniae
1470 730 1576 766 dotes

201 792 261 828 vel
296 793 465 827 maximis
499 794 627 843 opibus
665 797 830 844 potiores
869 795 979 827 visum
1018 795 1060 828 iri
1100 801 1200 828 certo
1237 791 1400 827 conlidit.
1450 794 1575 841 Atque

201 857 291 889 haec
316 852 439 902 paullo
464 853 682 888 insolentior
704 855 907 889 sententiae
936 852 1081 887 inflexio
1105 861 1140 887 et
1162 855 1308 888 omnino
1331 852 1470 899 lyricae
1488 865 1575 900 poe-

200 929 281 951 seos
302 914 415 948 ind-tili
437 942 446 959 ‚
482 916 636 948 maxime
664 926 749 949 vero
783 915 939 954 amoris,
983 926 1089 963 quem
1119 914 1476 950 vehementissimum
1499 926 1577 947 ora·

205 978 254 1010 tio
279 976 426 1024 prodit,
463 977 707 1010 enthusiasmo
731 975 910 1009 convenit.
958 974 1052 1008 Tum
1079 973 1331 1009 Maecenatem
1353 977 1468 1023 ipsum
1498 976 1580 1010 istis

202 1037 478 1085 compositionis
512 1036 747 1082 ambagibus,
789 1037 1035 1083 orationisque
1073 1037 1231 1070 novitate
1255 1042 1291 1070 et
1315 1035 1414 1070 soliti
1440 1034 1579 1070 ordinis

203 1099 485 1132 commutatione
520 1099 611 1133 mire
648 1097 872 1134 delectatum
909 1098 1021 1132 fuisse
1048 1104 1187 1131 constat
1224 1096 1280 1132 vel
1305 1109 1324 1132 e
1350 1097 1482 1132 Senec.
1507 1096 1579 1145 Ep.

204 1159 284 1193 CXI
296 1158 337 1190 V.
376 1158 422 1192 acl
460 1161 564 1206 cujus
590 1167 731 1206 gustum
769 1160 940 1194 Nostrum
971 1172 1009 1194 se
1033 1156 1190 1193 subinde
1218 1157 1487 1207 composuisse,
1515 1159 1579 1193 vix

202 1218 369 1254 dubitare
399 1218 498 1253 licet.
549 1220 764 1256 Excusutior
789 1219 883 1255 forte
908 1220 991 1255 inde
1017 1220 1286 1256 convertendae
1307 1221 1480 1255 orationis
1504 1233 1580 1255 mo-

203 1281 269 1316 dus
301 1292 357 1314 vv.
396 1292 430 1322 9.
466 1293 549 1330 sqq.
595 1280 675 1315 Jam
707 1280 875 1328 expende
914 1282 1086 1315 orationis
1122 1282 1303 1327 vigorem,
1341 1290 1378 1317 et
1405 1281 1579 1317 elocutio·

204 1344 258 1377 nis
291 1344 454 1376 virtutes.
505 1340 608 1373 Num
643 1347 685 1374 tu
708 1340 800 1374 velis
828 1346 1071 1386 permutare,
1108 1349 1354 1390 permutares,
1390 1355 1477 1378 sane
1513 1351 1578 1384 tu,

204 1417 275 1454 quo
301 1415 407 1437 sensu
428 1402 570 1450 pulchri
597 1410 783 1437 contactus
806 1415 864 1444 eS,
895 1417 964 1437 non
986 1411 1216 1452 permutares
1239 1404 1378 1438 crinem
1394 1404 1478 1441 Lic.
1506 1417 1579 1438 ma·

205 1466 316 1499 ximis
357 1462 524 1503 divitii53
561 1477 625 1512 pro
652 1463 746 1506 hoc,
791 1466 968 1514 exquisita
1000 1465 1253 1515 constantique
1274 1471 1462 1513 poetarum
1489 1472 1580 1499 stru·

206 1533 329 1560 cturae
363 1524 468 1573 hujus
501 1524 602 1558 verbi
640 1528 704 1566 (ut
740 1526 804 1558 Gr.
838 1522 1172 1566 ἀνταλλάσσεσθαι,
1226 1524 1477 1571 ἀμείβεσθαι)
1525 1526 1580 1560 in·‘

207 1589 386 1629 versione,
406 1585 508 1618 crine
526 1593 624 1630 opes,
654 1597 685 1617 v.
704 1584 745 1617 td
768 1586 797 1620 1.
828 1596 882 1631 17.
896 1595 929 1619 2.
951 1585 1021 1618 Pro
1042 1584 1170 1634 opibus
1193 1587 1370 1620 universis
1388 1584 1496 1620 docte
1515 1600 1582 1635 po·

206 1651 276 1685 suit
309 1655 419 1697 poeta
451 1647 616 1681 Persicas
649 1647 826 1694 Phrygias
863 1654 900 1682 et
921 1645 1098 1680 Arabum.
1119 1664 1163 1671 --—
1202 1657 1297 1691 quae
1319 1645 1463 1687 tenuit,
1498 1659 1582 1693 pos-

206 1710 303 1745 sedit
322 1708 424 1741 dives
438 1707 710 1748 Achaemenes,
724 1720 812 1758 quas
834 1708 1075 1757 amplissimas
1092 1706 1220 1742 babuit
1238 1707 1331 1742 Ach.
1349 1707 1485 1756 primus
1499 1705 1582 1742 Per.

207 1784 324 1808 sarum
355 1782 447 1810 rex3
480 1768 626 1803 omnino
648 1779 741 1817 prox
773 1780 862 1817 opes
896 1780 1023 1815 regum
1058 1766 1248 1803 Persarum
1264 1780 1279 1807 ;χ
1309 1779 1402 1816 quae
1441 1769 1476 1802 in
1507 1766 1584 1801 vul-

208 1845 272 1880 gus
318 1838 424 1866 notan.
452 1855 462 1872 ,
524 1827 574 1863 cs.
609 1828 675 1863 ΙΙΙ.
711 1842 745 1873 9.
776 1839 811 1869 4.
847 1835 882 1863 et
920 1827 950 1864 I.
983 1832 1042 1870 38.
1085 1838 1116 1863 ι.
1173 1825 1364 1867 Ἀσιήτεδος
1397 1825 1583 1871 τυραννίδος

210 1891 317 1933 ὄλβον
352 1889 479 1926 eadem
521 1891 651 1925 virtute
683 1888 774 1924 dixit
809 1888 977 1938 Euripid.
1012 1887 1123 1923 Herc.
1158 1885 1231 1923 fur.
1264 1888 1345 1933 643.
1379 1904 1424 1915 ·-
1466 1887 1588 1931 Phry-

206 1948 299 1999 giae
333 1950 569 1997 Mygdonias
588 1961 698 1996 opes,
738 1948 846 1985 docte
883 1962 972 1998 pro,
1015 1961 1102 1997 opes
1127 1947 1314 1997 Phrygiae
1342 1946 1589 1998 Mygdoniae,

212 2014 398 2059 Phrygum
432 2025 453 2047 a
490 2009 764 2058 Mygdonibus,
802 2009 983 2044 Thraciae
1015 2008 1175 2058 populo,
1214 2008 1471 2050 oriundorum,
1507 2022 1589 2045 cum

215 2072 469 2123 Mygdonibus
500 2073 774 2121 permixtorum.
832 2070 911 2105 Hos
942 2071 1038 2105 enim
1074 2069 1204 2105 relicta
1223 2071 1380 2121 *Europa
1409 2071 1592 2120 Phrygiae

215 2143 356 2184 partem
402 2131 578 2168 insedisse
613 2134 772 2167 maxime
809 2129 1004 2181 probabile
1037 2138 1105 2166 est.
1165 2130 1328 2179 Phryges
1365 2131 1450 2167 inde
1482 2133 1593 2182 Myg·
1622 2158 1625 2162 Α

213 2196 326 2231 dones
370 2193 534 2229 doctiore
577 2194 720 2228 nomine
754 2193 877 2242 poetis
926 2204 1033 2240 saepe
1078 2190 1184 2227 dicti.
1239 2192 1301 2227 Ad
1332 2195 1593 2242 septentriona-

213 2257 285 2292 lem
322 2255 502 2303 Phrygiae
535 2254 680 2304 plagam
712 2255 922 2304 Mygdonas
958 2253 1116 2289 collocat
1148 2251 1283 2289 Strabo
1319 2254 1407 2288 XII.
1436 2269 1472 2304 p.
1509 2255 1593 2293 861.

214 2317 317 2353 Male
338 2314 489 2351 Pausan.
514 2317 555 2350 X.
582 2328 637 2357 ‘²7-
670 2331 708 2366 p.
732 2318 801 2357 864
827 2324 862 2351 et
886 2314 970 2350 inde
999 2312 1127 2356 Steph.
1147 2314 1238 2363 Byz.
1264 2328 1296 2348 v.
1325 2310 1535 2359 Μυγδονία,
1569 2327 1592 2349 a

214 2378 406 2428 Mygdone
437 2390 522 2424 rege
553 2380 700 2428 antiquo
743 2378 906 2427 Phrygas
922 2377 1010 2425 *hoc
1038 2390 1168 2412 nomen
1206 2378 1360 2411 traxisse
1386 2379 1590 2425 opinantur.

216 2458 260 2465 —-
285 2439 472 2485 Pinguis,
517 2438 733 2486 opulentae,
775 2452 793 2475 e
835 2438 913 2473 solo
949 2439 1072 2486 pingui
1103 2436 1269 2482 (pingue
1294 2436 1410 2470 Asiae
1435 2440 1588 2480 campos

215 2508 391 2535 memorat
421 2499 450 2533 l.
484 2498 576 2547 Epp.
610 2504 642 2534 ὅ.
671 2510 706 2543 5.
744 2498 820 2533 Cic.
851 2511 918 2548 pro
954 2498 1052 2544 Lege
1086 2497 1217 2531 Manil.
1248 2511 1280 2534 c.
1305 2501 1361 2535 14.
1384 2495 1483 2530 Asia
1507 2500 1589 2529 tam

218 2563 348 2605 opima
372 2565 430 2594 est
444 2566 480 2594 et
491 2560 660 2609 firiilis,
683 2565 726 2592 ut
738 2564 774 2593 et
795 2559 967 2594 ubertate
977 2556 1524 2605 agrorum—etmultitudine
1534 2568 1592 2590 ea-

224 2635 309 2656 rum
337 2634 490 2664 rerum,
521 2633 614 2668 quae
643 2625 922 2665 exportantur,
943 2620 1071 2669 facile
1103 2618 1278 2657 omnibus
1300 2618 1410 2654 terris
1433 2616 1593 2653 antea-el·-
