1790 3117
183 364 358 409 folium
388 359 700 423 deperditum
737 366 837 412 est,
874 366 927 402 ut
963 375 1091 402 nunc
1129 356 1280 400 codex
1318 358 1517 420 incipiat
1544 375 1569 405 a

185 449 230 474 v.
260 432 322 477 58
354 429 466 474 odes
495 426 552 469 H.
625 426 759 470 Folia
786 442 882 469 non
922 423 1138 485 signata3
1177 424 1416 483 quaedam
1458 434 1505 470 et
1546 443 1572 471 a

182 497 464 555 bibliopego
489 499 785 552 permutata.
837 489 1037 535 Octonis
1066 495 1288 532 constant
1312 491 1571 550 manipuli,

183 567 379 621 praeter
409 557 523 603 XIII
547 565 593 602 et
617 559 738 613 XV,
775 557 858 618 qui
889 555 1068 600 habent
1096 571 1225 599 sena.
1294 555 1386 599 Eos
1421 559 1574 601 mani.

182 628 320 688 pulos
359 624 514 668 serior
539 641 710 669 manus
739 624 787 667 in
822 623 991 666 infima
1024 621 1187 682 prima
1212 621 1391 682 pagina
1420 622 1572 684 signa-

180 693 277 747 vit,
313 689 380 736 Γ).
416 688 483 735 119
526 697 617 734 cet.
687 691 754 734 Ab
805 706 898 733 una
934 705 1083 732 manu
1113 694 1241 731 totus
1282 687 1431 731 codex
1469 695 1573 742 est,

178 758 265 802 sed
291 756 618 819 negligentior
655 771 797 817 saepe
836 754 994 799 scriba
1018 753 1276 814 proditur,
1304 753 1465 797 verbis
1492 760 1576 798 aut

179 822 385 885 integris
428 822 649 867 versibus
692 820 913 874 omissis,
963 826 1070 881 post
1101 820 1159 863 ab
1187 818 1282 862 alio
1315 818 1571 880 suppletis.

176 890 279 934 Nec
321 889 496 932 literae
534 888 625 933 sibi
651 893 892 940 constant,
923 901 1080 947 neque
1108 893 1459 931 atramentum.
1479 886 1572 928 Vo-

176 971 292 999 cum
342 954 634 1015 compendia
683 952 918 1014 plurima.
1005 950 1313 1012 Diphthongi
1364 951 1532 1012 plures
1558 983 1572 1006 ‚

177 1037 329 1083 quam
355 1021 406 1064 in
434 1020 606 1065 ceteris
636 1019 819 1075 tribus,
856 1017 1132 1080 geminatae
1163 1017 1340 1060 literae‘
1377 1017 1574 1077 paucio-

177 1103 272 1132 res.
339 1087 478 1150 Quae
516 1085 698 1140 omnia‚
728 1083 988 1145 conjuncta
1013 1082 1252 1144 inprimis
1277 1099 1389 1127 cum
1426 1084 1574 1143 scrip-

176 1160 316 1197 turae
353 1152 546 1213 specie,
582 1151 788 1196 suadent
833 1149 1054 1194 codicem
1110 1148 1171 1192 ad
1220 1149 1441 1193 seculum
1478 1149 1571 1193 XII

177 1217 364 1262 referre
387 1250 398 1270 ,
435 1224 480 1260 et
513 1218 694 1260 habere
725 1232 816 1276 pro
857 1213 1199 1275 antiquissimo
1233 1209 1571 1273 Lipsiensium

176 1291 404 1343 quatuor.
436 1283 617 1326 Lineae
642 1281 691 1324 in
720 1279 909 1340 singula
931 1279 1110 1339 pagina
1138 1279 1311 1322 ductae
1337 1280 1572 1323 XXXIV.

176 1348 387 1393 Initiales
438 1362 668 1390 versuum
712 1345 900 1391 alterne
948 1345 1129 1387 rubrae
1170 1350 1217 1386 et
1265 1350 1427 1401 atrae3
1462 1345 1571 1389 illae

170 1413 454 1456 ¹carminum
487 1419 534 1456 et
564 1411 809 1455 librorum
826 1409 1001 1470 pictae,
1034 1409 1119 1453 sed
1156 1416 1258 1452 arte
1291 1410 1421 1453 rudi.
1451 1411 1572 1454 Nul-

174 1480 216 1523 la
236 1478 482 1522 librorum
514 1476 714 1531 divisio,
746 1475 867 1520 nulli
904 1475 1118 1519 numeri.
1189 1475 1280 1519 Pro
1325 1475 1572 1537 inscripti-

171 1545 351 1591 onibus
381 1543 658 1591 carminum
685 1541 833 1587 solius
870 1541 1016 1585 metri
1045 1540 1404 1602 designationes
1443 1550 1571 1597 sunt,

176 1610 330 1655 minio
368 1609 605 1669 scriptae,
650 1608 734 1654 sed
769 1608 900 1652 lectu
937 1607 1189 1661 difficiles,
1236 1624 1379 1668 saepe
1420 1610 1571 1653 etiam

174 1676 342 1721 salsae.
415 1675 607 1720 Scholia
652 1674 836 1736 passim
873 1673 1078 1727 adsunt,
1130 1672 1215 1716 sed
1249 1690 1433 1733 pauca,
1483 1691 1571 1719 nec

171 1742 320 1787 multi
365 1741 624 1795 momenti.
692 1742 778 1785 Ars
819 1739 1014 1802 poetica
1061 1746 1134 1782 est
1182 1737 1312 1782 inter
1350 1740 1480 1784 Odas
1524 1747 1572 1784 et

173 1808 390 1869 Epodos,
420 1808 668 1869 Epistolae
698 1813 808 1851 ante
841 1806 1119 1850 Sermone&
1158 1804 1295 1861 Folia
1324 1806 1569 1866 quaedam

169 1876 233 1919 ah
261 1874 401 1918 initio
422 1881 469 1918 et
496 1875 546 1926 in
572 1873 672 1921 fine
698 1872 796 1918 situ
821 1879 868 1916 et
891 1870 1142 1917 vermibus
1166 1870 1437 1916 admodum
1468 1888 1571 1916 cor-

171 1947 322 2000 rupta
359 1947 487 1986 sunt.
1067 1940 1074 1944 ’
1554 1952 1556 1955 ’

303 2006 481 2051 Codex
516 2006 714 2048 tertius
749 2003 950 2065 (pulpit.
987 2005 1024 2048 Ι.
1053 2017 1112 2047 ἠ.
1137 2005 1272 2062 59.),
1322 2004 1568 2048 membra-

167 2087 347 2117 naceus
370 2103 382 2123 ‚
414 2071 464 2115 in
503 2077 546 2122 4.
572 2070 682 2113 Fuit
710 2069 827 2113 olim
857 2069 1044 2114 Nicolai
1072 2068 1275 2124 Hein-sii,
1304 2070 1440 2121 (Vid-
1461 2069 1567 2131 ejus

167 2137 321 2182 Catal.
354 2137 404 2180 Ρ.
443 2136 500 2180 Π.
545 2154 592 2197 p.
643 2137 745 2194 89.)
787 2152 812 2180 e
856 2134 994 2191 cujus
1034 2135 1336 2180 bibliotheca
1355 2135 1570 2181 redemit

169 2205 251 2249 Fr.
288 2203 472 2247 Bened.
504 2200 800 2264 Cal-pzovius
840 2201 997 2263 (quod
1044 2201 1122 2245 hic
1172 2201 1277 2262 ip'se
1316 2202 1568 2257 notavit),

170 2269 303 2314 unde
351 2268 401 2311 in
437 2268 855 2313 biblioth-senat.
898 2267 1142 2329 pervenit.
1212 2268 1368 2321 Habet
1417 2268 1570 2315 codex

167 2335 411 2381 LXXXII
438 2334 581 2390 solia,
615 2349 827 2395 superne
858 2333 1078 2379 numeris
1113 2351 1131 2378 1
1151 2365 1164 2387 9
1204 2350 1245 2386 2,
1271 2336 1329 2388 5,
1367 2342 1459 2384 cet.
1480 2333 1570 2395 sig-

170 2408 287 2446 nata
325 2409 646 2462 (quamquam
691 2400 852 2450 XVIII
881 2399 1054 2443 ultima
1087 2399 1297 2461 elegiam
1313 2401 1567 2445 continent

168 2466 425 2528 scriptoris
465 2465 782 2511 recentioris:
839 2465 917 2511 cui
945 2465 997 2509 in
1031 2465 1127 2509 fine
1159 2465 1415 2510 additumx
1460 2467 1571 2511 Ex-

169 2534 333 2592 plicit
367 2532 572 2577 Yronicz
617 2528 951 2591 Gaafrz'dl33
979 2547 1193 2592 quorum
1230 2531 1418 2575 octonis
1457 2548 1569 2575 con-

169 2605 298 2645 stant
321 2597 590 2658 manipuli:
621 2614 740 2658 quos
777 2614 876 2641 non
901 2596 1059 2641 solum
1086 2596 1133 2640 in
1162 2596 1263 2646 ima
1291 2597 1470 2659 pagina
1517 2597 1570 2640 li-

156 2663 287 2720 'teris
310 2681 344 2708 α
362 2696 375 2717 ,
403 2666 433 2708 b
453 2696 464 2717 ,
494 2681 544 2715 c,
598 2670 688 2707 cet.
722 2662 931 2724 signavit
954 2663 1106 2723 primi
1130 2662 1325 2706 librarii
1361 2679 1534 2707 manus
1555 2694 1567 2717 ‚

171 2729 255 2773 sed
295 2729 444 2774 etiam
482 2728 600 2773 folia
638 2728 818 2791 singuli
857 2728 1099 2789 manipuli
1129 2728 1365 2789 adpositis
1400 2744 1569 2772 nume-

171 2795 235 2841 ris
259 2825 272 2849 ‚
308 2797 383 2851 α’,
406 2795 482 2851 a2,
512 2793 562 2839 a³
609 2801 699 2839 cet.
739 2795 793 2840 ln
822 2795 918 2840 fine
946 2794 1188 2856 manipuli
1227 2793 1465 2855 cujusque
1493 2811 1569 2838 cu-
