1779 3085
775 226 1152 267 ..313-

269 333 369 374 duze,
397 331 503 365 nulla
528 330 594 364 diu
606 329 767 379 femina
782 330 933 376 pondus
953 328 1080 372 habet,
1103 330 1140 366 h.
1166 329 1258 365 levis
1284 338 1352 373 est,
1375 337 1413 366 et
1446 332 1654 372 inconstans

274 397 311 430 in
337 407 476 431 amore.
527 393 700 429 Ceterum
738 404 874 427 aureos
911 404 1037 428 mores
1057 392 1227 428 similiter
1254 400 1362 441 poeta
1398 392 1494 428 dixit
1529 395 1590 429 IV.
1623 405 1658 431 2.

267 462 326 497 23.
352 467 510 490 aureum
536 467 653 489 anum
685 454 827 489 Tibull.
855 454 885 488 I.
910 455 945 490 ὃ.
963 460 1021 493 58.
1060 453 1122 489 ubi
1148 468 1179 489 v.
1203 453 1322 502 Heyn.
1372 454 1514 491 Pariter
1549 457 1655 492 Anti-

268 521 408 568 phanes
430 518 476 554 de
501 519 711 559 meretrice,
738 530 830 567 quae
844 528 920 552 non
938 516 1095 552 haberet
1122 517 1280 551 animum
1299 517 1563 560 meretricium,
1577 531 1659 554 eam

267 580 406 616 habere
433 581 484 614 ait
510 574 593 618 ἧθο
609 591 622 612 ς
647 592 681 616 τι
709 578 915 631 χρυσοῦν
942 581 1028 626 πρδς
1052 574 1176 626 αἱρετήν
1198 575 1419 622 κεκτεμένην,
1444 577 1546 614 ὄντως
1566 580 1662 614 ἑταῖ-

267 655 337 691 fxv
362 642 460 692 apud
486 642 625 677 Athen.
649 640 754 676 XIII.
777 642 812 685 4.
835 656 872 692 p.
893 647 975 686 572.
1002 649 1038 677 et
1063 639 1150 675 inde
1171 640 1269 689 apud
1296 643 1402 678 Grot.
1430 641 1656 692 Excerpt.p.

269 707 351 741 (531.
400 703 568 740 Eundem
598 702 819 753 Antiphanis
853 703 976 739 locum
1007 710 1133 738 nostro
1171 703 1332 738 admovit
1364 703 1495 738 Heins.
1534 703 1662 742 Lectt.

268 767 469 803 Theocrit.
493 778 526 800 c.
547 764 689 801 XVnI.
714 779 751 813 p.
780 769 861 810 357.
887 766 948 816 qui
967 771 1162 814 praeterea
1183 764 1375 800 commode
1409 773 1548 808 monet,
1569 764 1661 801 fuis-

268 844 309 867 se
335 830 430 863 hanc
455 830 550 862 inter
577 826 659 861 illas
689 837 822 867 voce-⁴³,
857 824 987 876 quibus
1010 832 1192 860 amatores
1218 824 1465 861 meretriculis
1493 825 1660 862 solerent

267 889 552 935 ὑποκορίζεσθαι,
573 887 723 923 laudato
738 889 774 921 in
785 887 879 922 hanc
894 899 970 922 rem
991 887 1182 936 Aristoph.
1203 887 1363 923 Acharn-
1378 897 1481 933 1190.
1504 881 1660 934 φιλησᾶ·

267 963 333 988 ’μιν
353 963 398 992 με
426 943 635 993 μαλθακῶς,
659 943 681 982 ἆ
699 951 836 991 χρυσίω.
862 965 903 974 -
933 957 988 983 10-
1012 960 1171 983 vacuam
1191 949 1278 995 sibi,
1308 950 1355 985 ab
1385 949 1539 985 aliorum
1561 961 1660 983 amo-

244 1038 248 1042 f
269 1027 311 1049 re
333 1014 394 1063 qui
419 1019 456 1046 te
481 1012 536 1045 sui
560 1008 788 1044 solummodo
828 1010 943 1044 amori
978 1017 1185 1045 vacaturam
1213 1019 1326 1059 putat.
1353 1010 1463 1047 Ovid.
1497 1009 1657 1047 Heroid.

269 1075 350 1110 XX.
381 1082 461 1116 149.
483 1071 600 1117 Elige
622 1071 667 1105 de
690 1073 835 1113 vacuis,
862 1082 977 1117 quam
989 1082 1065 1104 non
1077 1070 1151 1104 sibi
1172 1072 1336 1106 vindicet
1356 1075 1471 1111 alter,
1497 1093 1544 1101 —
1565 1085 1664 1107 sem-

270 1147 341 1182 per
364 1133 586 1177 amabilem,
613 1145 706 1185 quae
732 1145 877 1182 semper
899 1131 945 1168 ab
970 1134 1044 1167 isto
1065 1140 1100 1168 te
1124 1135 1241 1168 amari
1272 1136 1438 1184 patiaris,
1466 1135 1540 1181 vel,
1568 1144 1665 1186 quae
1720 1135 1723 1137 ’

275 1199 386 1244 (ligna
411 1198 476 1231 sis?
492 1198 662 1246 (propter
689 1195 915 1239 castitatem)
939 1207 1030 1245 quae
1052 1208 1197 1245 semper
1231 1195 1278 1231 ab
1302 1210 1346 1232 eo
1372 1198 1518 1232 ameris.
1569 1197 1667 1232 Nota

278 1259 344 1295 illa
369 1258 517 1295 Ovidii:
544 1263 586 1291 ut
609 1258 766 1299 ameris,
792 1256 972 1292 amabilis
1003 1263 1096 1300 esto,
1129 1258 1168 1293 h·
1195 1261 1240 1294 iis
1272 1255 1442 1309 praedita
1475 1258 1665 1301 moribus,

276 1334 371 1374 quae
398 1333 563 1356 amorem
595 1320 663 1355 tibi
694 1321 912 1358 concilient.
964 1320 1136 1356 Ceterum
1167 1320 1384 1367 allegoriam
1418 1324 1455 1357 in
1495 1323 1554 1357 his
1592 1335 1665 1357 non

275 1392 458 1421 servatam
484 1382 617 1436 clamat
641 1381 795 1419 Homius
818 1382 942 1419 Elem.
968 1384 1051 1418 crit.
1074 1383 1121 1418 H.
1160 1392 1218 1421 20.
1253 1385 1451 1420 Enimvero
1489 1399 1559 1420 non
1589 1385 1670 1432 ipsa

274 1449 424 1498 Pyrrha
446 1447 484 1482 h.
511 1446 535 1481 l.
555 1459 645 1494 'cum
670 1449 762 1481 mari
785 1447 934 1496 proprie
960 1453 1206 1494 comparatur,
1236 1446 1302 1482 sed
1332 1450 1433 1494 ejus,
1467 1446 1530 1497 qui
1566 1445 1669 1480 illam

271 1520 383 1553 amat,
413 1518 525 1545 status
537 1521 553 1566 =⁸
567 1502 663 1544 uiule
691 1523 762 1544 non
790 1522 880 1559 opus
906 1516 998 1551 erat,
1023 1507 1148 1552 verba,
1177 1507 1225 1542 ad
1249 1509 1363 1556 ipsam
1385 1506 1546 1556 puellam
1565 1518 1669 1556 spec-

272 1575 406 1613 tantia,
435 1580 508 1606 tam
535 1578 667 1605 exacte
688 1569 824 1620 ubique
858 1570 1097 1620 respondere.
1147 1571 1204 1605 Ne
1240 1569 1334 1604 illud
1371 1582 1564 1611 moneam,
1597 1569 1668 1618 ipsi

274 1636 478 1683 allegoriae
505 1630 551 1666 ad
575 1639 698 1680 partes
725 1630 885 1674 singulas
909 1631 1227 1672 adcommodatae,
1250 1633 1432 1681 nimisque
1455 1638 1667 1679 protractae

275 1699 434 1734 multum
457 1695 648 1729 suavitatis
676 1691 833 1727 detrahi.
864 1709 910 1718 ·-
939 1701 994 1728 11.
1015 1691 1187 1735 Nescius,
1215 1692 1376 1726 nondum
1397 1703 1463 1725 usu
1484 1693 1672 1738 cognitum

273 1760 429 1800 habens,
461 1768 570 1807 quam
585 1754 741 1800 falla-2¹,
767 1752 955 1787 mutabilis
978 1753 1019 1787 sit
1044 1765 1153 1795 aura,
1173 1763 1280 1802 quam
1303 1750 1414 1788 facile
1438 1760 1580 1795 ventus,
1605 1754 1668 1803 qui

273 1834 372 1857 nunc
396 1822 431 1854 ei
452 1815 635 1853 secundus
669 1821 740 1855 est,
767 1822 939 1855 mutetur,
966 1822 1002 1848 et
1026 1827 1077 1849 ex
1097 1812 1251 1848 adverso
1279 1813 1394 1862 spiret
1420 1814 1456 1848 h.
1482 1828 1514 1849 e.
1554 1827 1664 1865 quam

271 1897 402 1936 parum
431 1889 602 1918 constans
624 1879 673 1912 sis
699 1879 737 1912 in
757 1889 895 1912 amore.
949 1874 1149 1910 Simillimo
1182 1874 1292 1908 modo
1322 1875 1491 1922 Propert.
1528 1876 1581 1910 ΙΙ.
1613 1887 1668 1922 ¹9·

273 1948 332 1991 67
357 1944 449 1980 (lixit
475 1937 817 1986 mendacesflatus
843 1937 882 1970 in
907 1948 1039 1970 amore
1063 1935 1201 1969 ludere.
1250 1936 1375 1982 Imago
1399 1937 1477 1986 ipsa
1501 1936 1547 1972 ab
1581 1950 1667 1973 aura

272 2009 440 2044 desumta
467 2004 515 2040 ad
540 2005 676 2040 amoris
697 2000 918 2037 felicitatem
946 1997 1210 2034 declarandam
1232 1997 1428 2034 admodum
1459 1999 1672 2050 frequenta-

270 2080 307 2106 ta
333 2079 387 2106 est
414 2068 569 2104 Graecis
591 2067 730 2114 pariter
748 2076 792 2099 ac
813 2062 958 2100 Latinis
975 2063 1110 2110 poetis,
1137 2061 1192 2106 (v-
1218 2060 1324 2108 Heyn
1350 2060 1397 2095 ad
1431 2059 1575 2098 Tibull.
1613 2059 1666 2095 11.

272 2146 305 2170 1.
331 2133 408 2175 80.)
431 2131 518 2166 huic
545 2141 632 2164 vero
656 2128 741 2163 loco
765 2138 944 2176 perquam
971 2122 1263 2178 adcommodata,
1286 2138 1395 2174 quum
1417 2133 1453 2160 et
1479 2126 1557 2174 ipsa
1581 2123 1671 2159 alle-

275 2196 400 2241 goriae
427 2192 655 2241 superiorum
681 2203 737 2224 vv.
760 2184 956 2238 praeclare
981 2188 1171 2240 inserviat.

371 2268 404 2288 v.
437 2265 495 2290 12.
525 2253 704 2300 Magnum
728 2249 860 2300 pathos
884 2247 998 2284 habet
1027 2247 1265 2291 exclamatio,
1292 2262 1363 2299 qua
1385 2262 1509 2285 eorum
1545 2248 1667 2282 vicem

279 2319 396 2359 dolet,
422 2318 481 2367 qui
506 2317 540 2349 in
564 2315 727 2364 Pyrrhae
750 2324 912 2346 amorem
934 2309 1149 2346 inciderint.
1199 2310 1341 2346 Eadem
1368 2310 1535 2350 δεινότητι
1558 2303 1671 2359 quan-¹

279 2394 388 2432 quam
415 2378 540 2428 paullo
563 2376 671 2412 aliter
693 2375 880 2409 sentehtia
908 2380 1063 2409 tractata
1088 2374 1149 2415 sit,
1170 2372 1276 2407 Plato
1311 2369 1596 2415 (Ana1.Br.1.
1631 2384 1671 2420 p,

278 2444 378 2489 170.)
409 2441 451 2476 C.
479 2439 542 2473 VI.
553 2448 587 2480 3.
608 2454 629 2472 α
649 2436 776 2477 δειλοὶ,
804 2434 960 2470 νεότατος
990 2433 1260 2469 υκαντιοέσοιντες
1287 2428 1413 2472 ἐκείνης
1437 2430 1669 2472 πρωτοβῶου.

279 2518 370 2541 ‹Juos
395 2517 450 2538 vv.
479 2502 571 2535 mire
599 2499 762 2546 corrupit
786 2497 958 2531 Weston.
999 2497 1034 2529 in
1058 2495 1226 2529 Hermes.
1249 2508 1282 2543 p
1321 2493 1378 2537 46.
1402 2491 1497 2527 adde
1524 2491 1672 2526 Tibull.

279 2566 328 2600 II.
355 2575 388 2602 1.
412 2573 469 2608 70.
498 2559 564 2594 Ah
587 2559 733 2602 miseri,
762 2571 855 2605 quos
875 2558 937 2591 hic
957 2556 1130 2604 graviter
1158 2557 1267 2590 Deus
1306 2560 1429 2602 urget.
1464 2576 1510 2582 —
1535 2553 1671 2601 quibus

279 2626 473 2659 intentata
497 2622 608 2663 nites,
634 2635 699 2670 pro
724 2620 888 2665 vulgari,
917 2620 1096 2653 intentata
1119 2631 1171 2661 es,
1210 2619 1273 2669 qui
1309 2608 1581 2662 pulcliriturline
1608 2624 1669 2649 tua

282 2687 409 2722 allecti
433 2684 594 2720 nondum
618 2695 686 2717 usu
712 2688 975 2728 cognoverunt,
998 2692 1106 2731 quam
1137 2679 1305 2715 mutabili
1341 2681 1390 2715 sis
1416 2681 1547 2714 animo.
1599 2675 1672 2716 Oh*
