1779 3051
691 208 747 217 ·-“
837 198 891 230 22
902 198 917 227 l
1010 207 1065 216 ·-·

175 303 352 359 Molli,
388 302 590 359 Plance,
627 319 797 348 mero:
831 315 931 347 seu
961 309 1006 347 te
1031 301 1270 362 fulgentia
1295 300 1442 362 signis

245 375 414 420 Castra
444 378 644 428 tenent,
682 387 766 416 seu
802 370 950 415 densa
988 368 1174 412 tenebit
1523 380 1582 409 zo

178 437 388 485 Tiburis
423 436 605 482 umbra
637 436 727 482 tui.
765 435 962 482 Teucer
1006 434 1254 480 Salamina
1289 439 1587 494 patremque

246 497 416 570 Quum*
445 504 672 567 sugeret,
709 512 875 549 tamen
903 504 998 549 uda
1029 503 1197 563 Lyaeo

175 573 435 634 Tempora
453 571 671 633 populea
703 570 864 616 fertur
906 570 1115 615 vinxisse
1154 581 1367 618 corona,

241 639 316 684 Sic
348 640 510 684 tristes
551 637 742 682 adfatus
781 637 993 682 amicos:

175 706 287 769 Quo
316 722 405 750 nos
440 722 652 767 cunique
676 704 805 750 feret
843 705 1024 750 melior
1046 705 1266 749 Fortuna
1280 702 1503 763 parente,
1525 690 1582 737 25

248 771 438 816 Ibimus
460 805 472 827 ,
510 789 538 816 ο
577 772 693 817 socii
720 772 1042 835 comitesque.

180 837 261 884 Nil
291 837 373 883 de.
360 838 658 899 perandum
676 838 878 884 Teucro
906 839 1031 885 duce
1057 845 1105 882 et
1130 837 1328 898 auspice
1355 829 1581 874 TeUCI‘O'
1571 858 1584 881 >

250 905 424 950 Certus
464 905 594 951 enim
632 905 865 967 promisit
898 904 1068 966 Apollo
1090 937 1103 960 ,

180 971 477 1031 Ambiguam
503 973 679 1018 tellure
715 989 842 1017 nova
878 972 1126 1018 Salamina
1157 970 1398 1016 futuram.

241 1037 282 1082 O
316 1037 499 1087 sortes,
485 1039 793 1101 ¹,pejoraque
825 1038 956 1100 passi
1520 1036 1581 1080 50

179 1100 383 1149 Mecum
406 1121 559 1180 ‘saepe
589 1105 711 1159 vi1i,
745 1122 876 1149 nunc
909 1104 1023 1149 vino
1048 1103 1217 1164 pellite
1259 1111 1429 1148 curas:

252 1171 369 1216 Cras
403 1171 575 1234 ingens
606 1170 900 1216 iterabimus
932 1187 1133 1231 aequor.

670 1268 1070 1291 mmmmm

487 1454 489 1456 ι
776 1389 936 1436 ’νΠι

436 1523 587 1567 AD
701 1521 1299 1592 LYDIAM.

723 1622 1040 1646 mmmm

170 1678 373 1780 Lvdia
399 1733 504 1791 die,
541 1750 631 1796 per
666 1749 838 1781 omnes

240 1788 315 1844 Te
343 1801 458 1847 deos
484 1817 603 1856 or0‚
634 1799 843 1861 Sybarin
870 1818 959 1847 cur
986 1817 1225 1864 properas
1267 1796 1479 1843 amando

169 1865 425 1911 Perdere?
462 1883 549 1911 cur
579 1867 806 1928 apricum

243 1931 421 1976 Oderit
462 1948 693 1991 campum
717 1964 730 1987 ,
767 1933 959 1994 patiens
987 1933 1206 1995 pulveris
1245 1939 1391 1994 atque
1428 1927 1584 1975 solis⁹

176 1998 276 2041 Cur
304 2014 463 2060 neque
495 1996 724 2042 militaris
1548 1993 1580 2041 5

245 2064 379 2107 Inter
406 2063 633 2125 aequales
666 2065 881 2126 equitat,
919 2064 1106 2110 Gallica
1135 2081 1225 2109 nec
1248 2064 1429 2126 lupatis

174 2128 457 2190 Temperat
493 2145 580 2174 ora
616 2130 768 2176 frenis
789 2131 813 2176 Ξ)

244 2196 343 2240 Cur
372 2196 515 2240 timet
536 2195 717 2242 ssavum
745 2196 977 2243 Tiberim
1003 2195 1248 2261 tangere?
1273 2213 1362 2242 cur
1393 2196 1579 2243 olivum

179 2261 430 2323 Sanguine
459 2263 684 2323 viperino

247 2328 447 2374 Cautius
477 2329 635 2374 vitat?
669 2346 829 2394 neque
858 2329 965 2394 jam
989 2329 1140 2376 livida
1161 2336 1320 2394 gestat
1348 2329 1499 2375 armis
1519 2346 1578 2375 10

175 2394 414 2450 Brachia,
451 2411 592 2457 saepe
628 2395 791 2451 disco,

244 2459 398 2523 Saepe
426 2468 558 2506 trans
589 2462 739 2508 finem
764 2462 927 2526 jaculo
963 2463 1140 2509 nobilis
1179 2460 1451 2526 expedito?

175 2526 308 2590 Quid
343 2527 494 2584 latet,
534 2535 588 2572 ut
624 2531 847 2575 marinae

241 2593 425 2638 Filium
463 2594 634 2640 dicunt
663 2596 890 2642 Thetidis
916 2595 1005 2641 sub
1034 2591 1298 2642 lacrimosa
1323 2593 1510 2656 Trojae

174 2659 397 2717 Funera,
434 2677 493 2706 ne
533 2661 680 2710 virilis
1514 2657 1574 2705 15

240 2726 452 2774 Cultus
438 2745 490 2774 ιη
518 2728 720 2775 caedem
746 2736 794 2774 et
806 2729 981 2790 Lycias
1004 2728 1292 2793 proriperet
1316 2724 1573 2775 catervas?

676 2813 1070 2841 mmmmm
