1779 3085
749 247 803 254 ...
894 223 974 275 678
1062 249 1120 256 ...-

338 347 370 368 υ-
397 342 544 377 25—28.
570 337 640 372 Vix
659 346 802 388 poterat
824 340 958 375 fortius
980 341 1141 376 animum
1165 338 1328 375 Postumi
1349 339 1539 390 impellere
1555 368 1566 385 ,
1591 349 1629 377 et

244 394 290 429 ml
319 399 512 435 sectandas
538 403 631 436 vitae
657 402 861 450 voluptates
898 404 1057 438 excitare
1089 402 1223 452 poeta,
1257 414 1365 452 quam
1399 402 1554 438 heredis
1586 404 1624 438 in

241 458 509 504 profundendis
533 464 864 515 consumendisque
893 465 961 506 iis,
987 462 1119 514 quihus
1150 465 1226 508 ipse
1260 463 1407 508 genium
1437 475 1539 499 suum
1563 463 1626 500 de-

241 519 446 559 fraudasse-t
462 550 472 566 ,
499 525 603 560 unice
622 526 757 559 curiosi
782 527 1026 575 occupatique
1052 526 1209 570 imagine
1231 525 1354 559 animo
1376 527 1454 572 ejus
1479 536 1628 574 reprae-

240 592 397 623 sentam,
423 586 618 620 simillime
647 585 765 621 Serm.
800 586 844 628 ll.
870 596 904 628 3.
934 583 1137 629 122.filiu5
1160 589 1230 620 aut
1250 584 1369 618 etiam
1398 584 1491 618 haec
1510 583 1625 620 liber-

239 649 302 677 tus
323 652 365 679 ut
401 646 524 681 ebibat
557 648 661 681 heres
683 673 695 690 ,
717 647 808 682 Diis
842 647 996 681 inimice
1019 657 1139 681 senex
1163 648 1332 681 custodis
1348 648 1364 681 ?
1393 646 1452 682 Cf.
1476 647 1625 683 omnino

238 704 290 740 11·
314 708 343 743 3.
365 716 420 742 20-
441 716 476 743 et
501 708 564 744 IV.
592 721 625 751 7.
655 719 710 747 io.
749 728 794 737 —
831 709 950 742 Heres
981 707 1136 755 dignior
1152 735 1163 752 ‚
1196 711 1257 760 qui
1280 709 1423 756 dignior
1457 716 1536 751 est,
1554 709 1620 760 qui

236 767 308 802 ista
339 768 556 817 possideat,
593 770 641 805 ad
674 785 780 821 quem
814 771 1041 812 deferantur,
1077 769 1176 821 quod
1205 772 1248 805 iis
1269 771 1549 814 fruiturus‚est;
1575 771 1630 805 in-

238 836 293 863 est
314 827 406 863 adeo
429 831 548 875 gravis
567 829 777 877 objurgatio
799 833 1041 880 parsimoniae
1075 834 1164 878 ejus,
1190 849 1235 857 —-
1259 826 1627 865 absumet'Caecuba

235 898 328 922 serv.
354 894 450 923 cent.
480 891 524 926 cl.
552 890 721 937 epotabit
749 890 863 926 cados
898 892 973 925 vini
1011 890 1201 935 Caecubi,
1227 900 1301 926 tam
1325 892 1524 940 diligenter
1548 904 1569 927 a
1589 899 1627 927 te

235 959 415 988 servatos.
440 971 486 979 —
511 955 568 987 26.
594 966 677 1004 sqq.
705 952 864 999 Adjecta
885 952 975 987 haec
997 955 1145 999 egregie
1172 953 1219 987 ad
1241 953 1530 1001 profusissimam
1561 953 1628 989 he·

235 1010 335 1046 redis
360 1011 536 1047 luxuriam
563 1014 716 1048 ulterius
743 1013 1019 1051 declarandam.
1049 1012 1163 1050 Mero
1189 1013 1312 1059 tinget
1335 1014 1627 1058 pavimentum,

235 1072 336 1121 large
361 1072 524 1111 effundet
548 1089 690 1112 merum
728 1079 764 1112 in
800 1077 954 1113 triclinii
986 1077 1127 1119 solum,
1151 1086 1189 1112 ut
1219 1080 1354 1110 natent
1382 1077 1628 1121 pavimenta,

235 1137 288 1169 uti
315 1135 391 1170 Cic.
411 1135 509 1171 Phil.
536 1137 585 1171 11.
604 1140 663 1183 4¹·
693 1140 729 1174 in
753 1139 865 1174 simili
894 1138 1167 1189 descriptione3
1193 1146 1299 1173 aucta
1318 1136 1420 1173 verbi
1433 1137 1630 1182 vi,utlv.'

236 1204 294 1228 ³2.
320 1206 377 1232 22.
401 1206 436 1232 et
460 1198 563 1235 alibi.
590 1198 650 1235 Ad
674 1199 892 1237 libationem
918 1214 990 1251 quo
1015 1201 1135 1235 minus
1158 1200 1195 1234 h.
1218 1199 1242 1234 l.
1270 1198 1410 1235 referas
1436 1212 1520 1235 cum
1544 1201 1627 1251 qui-

234 1253 410 1299 busdam,
434 1259 565 1301 (etiam
590 1258 712 1305 Toup.
738 1275 797 1311 ep.
822 1274 873 1296 cr.
893 1275 933 1309 p.
960 1272 1036 1297 ili.
1062 1260 1211 1296 laudato
1230 1260 1325 1296 lianc
1348 1262 1384 1295 in
1408 1274 1487 1296 rem
1508 1262 1634 1296 Ionis-⁴

235 1328 270 1351 c.
300 1317 347 1349 Π.
373 1330 410 1362 3.
435 1319 558 1361 (Anal.
585 1322 648 1359 Br.
669 1323 698 1354 1.
727 1321 821 1366 161.)
848 1322 865 1353 ὁ
891 1321 933 1356 δὲ
954 1322 1083 1366 Χρύσης
1115 1318 1200 1354 οῖνον
1229 1319 1318 1364 ἔχων
1353 1323 1476 1366 χειροῒν
1505 1318 1627 1368 νιξὲτυ

235 1381 279 1411 ιίς
300 1376 449 1425 ἔδαφοςε
479 1385 537 1417 cui
562 1382 657 1419 adde
684 1385 736 1417 sis
756 1381 996 1430 Empedoclis
1026 1382 1073 1417 fr.
1107 1378 1205 1431 apud
1238 1382 1387 1418 Athem.
1422 1381 1510 1418 XII.
1536 1394 1570 1419 ι.
1589 1397 1630 1433 p.

236 1450 318 1484 510.
345 1439 476 1483 ξανθῶν
488 1454 525 1475 τε
550 1443 703 1478 σπονδαῖς
727 1441 879 1486 μελιτῖνν
905 1443 1069 1489 ῥίπτοντες
1095 1443 1128 1477 ἐς
1154 1436 1257 1484 ἔδαε)
1283 1452 1379 1479 vetat
1402 1446 1551 1480 omnino
1574 1453 1627 1480 to-

237 1502 310 1533 tius:
333 1500 405 1536 loci
434 1505 551 1543 ratio,
576 1517 669 1554 quae
707 1506 811 1540 unice
835 1504 881 1539 de
906 1505 1117 1554 profusione
1146 1506 1299 1550 cogitari
1328 1504 1440 1550 jubet.
1469 1505 1626 1541 Merum

230 1562 388 1607 potius,
413 1565 679 1611 praestantius,
712 1566 923 1610 generosius
957 1564 1083 1598 coenis
1107 1565 1357 1611 pontf'ficum,
1385 1579 1494 1617 quam
1526 1566 1627 1618 quod

233 1619 372 1656 bibitur
396 1623 430 1656 in
455 1635 488 1659 c.
509 1637 545 1672 p.
567 1623 733 1659 doctiore
754 1623 894 1667 forma,
917 1626 1038 1673 poetis
1059 1624 1254 1660 admodum
1271 1626 1518 1676 frequentata.
1542 1628 1629 1663 ,Iam⁴

232 1695 366 1717 coenas
393 1684 606 1720 Pontificum
623 1712 633 1727 ‚
667 1693 792 1735 utpote
827 1688 953 1736 epulas
987 1686 1202 1734 religiosas,
1229 1689 1398 1737 opiparas
1421 1681 1624 1736 pollucibi-

233 1743 363 1792 lesque
385 1744 499 1781 fuisse
524 1754 625 1791 patet
655 1746 712 1782 vel
735 1761 754 1782 e
779 1747 944 1782 Macrob.
972 1748 1022 1784 11.
1047 1758 1081 1788 9.
1103 1748 1220 1788 adeo,
1251 1756 1291 1783 ut
1324 1751 1361 1782 in
1386 1747 1622 1797 proverbium

233 1804 408 1843 abierint.
435 1806 597 1843 Maniai.
621 1807 702 1842 XII.
730 1811 786 1853 48.
812 1819 866 1845 12·
894 1807 979 1841 Noa
1008 1807 1162 1842 Albana
1188 1808 1286 1842 milu·
1313 1809 1366 1842 sit
1399 1809 1624 1846 comissatio

234 1866 360 1911 tanti,
398 1868 476 1902 Nec
517 1870 776 1914 Capitolinae,
815 1869 1122 1916 Pontfficumque
1153 1869 1281 1915 dapes.
1319 1890 1365 1900 —·-
1397 1871 1626 1918 superbum,

234 1930 487 1972 magnificum,
522 1946 635 1983 opere
671 1930 861 1968 tessellato
900 1932 1116 1979 expolitum.
1145 1932 1258 1966 Notus
1283 1934 1373 1967 satis
1396 1940 1559 1968 veterum
1585 1934 1623 1968 in

236 1992 456 2039 pavimentis
477 2007 495 2029 e
527 1995 793 2042 pretiosissima
818 1994 970 2028 materia
990 2022 1000 2036 ,
1026 1992 1140 2028 ebore
1173 2001 1208 2028 et
1238 2006 1441 2036 marmore,
1465 1995 1623 2030 maxime

236 2050 436 2088 Numidico
466 2053 772 2090 artificiosissime
807 2054 995 2090 struendis
1024 2055 1141 2089 luxus.
1169 2054 1364 2092 Praeclare
1386 2068 1486 2092 ·vero
1513 2063 1626 2105 poeta
1670 2103 1674 2105 λ

233 2110 306 2145 hoc
328 2114 438 2148 unico
463 2115 629 2164 epitheto
663 2115 844 2153 heredem
874 2116 993 2152 omnis
1013 2119 1157 2162 generis
1181 2116 1342 2155 luxuriae
1368 2115 1619 2166 indulgentem

233 2170 412 2221 designat.

723 2415 1115 2461 mnwmmvw
