1790 3117
171 359 385 404 indicem
429 367 635 416 operum
672 351 862 395 Horatii
905 351 1029 395 hanc
1083 356 1278 407 notam,
1324 354 1560 398 Sanctae

169 428 276 470 Det
334 421 632 485 genetri'czs
691 418 915 462 Manae
977 418 1270 476 Sancliqzze
1317 420 1563 476 Ci‘przani

171 504 401 549 epzscopz
444 491 496 530 et
539 486 816 543 marty-ms
846 500 903 527 ιη
947 484 1330 543 Ncgenburga.
1399 486 1567 542 Repu-

114 571 115 575 ’
170 562 326 600 ratus
356 552 427 603 (h.
459 549 534 595 vel
561 555 719 593 emtus
740 581 752 603 ,
775 548 851 594 vel
879 564 1029 592 lenm
1035 555 1164 597 atus)
1193 564 1338 593 anno
1362 550 1565 594 dominc

169 619 456 665 mzllesimo
489 616 1028 676 quadrtngenteszmo
1066 617 1484 675 septuageszmo
1518 617 1565 659 Si

169 685 335 730 onmia
372 683 490 726 haec
535 688 582 724 et
615 681 745 741 inpr.
797 680 946 724 etiam
990 679 1289 740 scripturam
1328 682 1567 726 recensio-

168 765 383 811 nemque
413 746 595 792 codicis
629 747 995 807 expendamus,
1029 745 1288 806 probabile
1314 746 1397 801 sit,
1425 748 1567 792 illum

169 833 193 860 e
223 815 397 859 Seculo
434 813 549 858 XIV
588 829 720 865 esse,
762 813 846 856 sed
876 829 932 855 ex
969 818 1161 856 vetusto
1204 811 1475 858 admodum
1520 821 1569 858 et

166 882 298 926 bono
328 878 599 940 exemplari
637 878 961 939 descriptum.

304 946 481 993 Codex
516 945 809 999 secundus,
847 943 1286 999 membranaceus,
1325 945 1375 988 in
1405 944 1570 993 forma

169 1020 370 1067 octava,
414 1011 528 1055 rudi
566 1009 647 1054 filo
685 1018 733 1053 et
772 1009 960 1071 glutine
1009 1009 1290 1059 (recentius
1329 1010 1570 1065 fortasse)

172 1084 482 1140 compactus,
527 1075 917 1137 Longohardicis
986 1075 1140 1120 literis
1197 1075 1576 1136 minutissimis,

173 1161 316 1205 saepe
341 1142 610 1205 negligenti
639 1148 685 1184 et
717 1141 923 1203 fugitiva
957 1157 1138 1195 manu,
1167 1148 1213 1186 et
1241 1142 1424 1201 pallido
1452 1152 1575 1189 atra-

173 1217 343 1254 mento
384 1209 612 1268 scriptus.
684 1206 967 1266 Manipulos
1018 1205 1167 1249 hahet
1207 1207 1309 1261 IX,
1359 1226 1573 1268 quorum

174 1276 378 1321 ultimus
421 1274 488 1327 V,
538 1272 686 1315 ceteri
723 1272 830 1314 VIII
874 1270 988 1314 solia
1032 1271 1314 1326 continent,
1352 1273 1454 1318 sine
1492 1294 1578 1320 nu<

176 1341 325 1385 meris
355 1346 403 1383 et
439 1336 658 1380 custode.
727 1336 781 1379 In
810 1335 914 1378 odis
947 1334 1168 1396 singulae
1197 1337 1406 1399 paginae
1433 1340 1483 1383 in
1508 1341 1577 1384 h}-

176 1423 259 1451 nas
287 1403 522 1449 sectiones
546 1399 747 1445 divisae.
816 1400 1030 1444 Initiales
1062 1399 1276 1462 majores
1295 1403 1492 1456 rubrae,
1518 1408 1581 1450 vi-

176 1472 338 1525 rides,
375 1476 526 1512 atrae.
588 1467 837 1515 versuum
864 1465 1074 1510 initiales
1092 1468 1314 1527 paullum
1344 1471 1581 1527 eminent,

180 1537 265 1591 sed
300 1535 524 1598 ejusdem
556 1540 603 1578 et
630 1550 805 1578 manus
845 1540 892 1577 et
933 1532 1226 1577 characteris
1260 1551 1371 1579 cum
1414 1545 1579 1593 textu,

176 1603 273 1648 nisi
328 1602 461 1664 quod
522 1600 789 1644 nonnullae
849 1606 960 1643 sunt
1021 1599 1286 1660 quadratae
1342 1603 1579 1648 minmes.

181 1671 386 1729 Sempe1
397 1667 512 1732 sin
535 1666 633 1711 sine
669 1665 876 1728 longum
907 1672 954 1709 et
977 1683 991 1710 ι
1023 1664 1124 1709 sine
1149 1674 1351 1727 puncto.
1389 1671 1583 1714 Vocum

180 1735 474 1796 compendia
516 1748 712 1794 semper
757 1733 974 1786 diversa,
1011 1748 1245 1776 versuum
1288 1734 1583 1781 oldinando-

181 1819 294 1846 rum
340 1800 573 1863 siequens
619 1799 902 1861 neglectus,
956 1798 1284 1843 cmrectiones
1320 1801 1395 1844 vel
1434 1802 1585 1863 negli·

181 1876 377 1931 gentes,
412 1865 487 1911 vel
518 1881 807 1927 perversae,
846 1863 1255 1909 commutationes
1296 1866 1579 1922 literarum,

182 1942 235 1978 ut
275 1935 307 1977 d
339 1940 386 1977 et
425 1939 474 1988 t,
517 1935 547 1976 b
580 1938 627 1974 et
663 1948 722 1985 υ,
770 1931 984 1976 scribam
1026 1928 1277 1974 declarant
1313 1933 1490 1976 rudem
1535 1939 1584 1977 et

183 1999 489 2060 imperitum.
565 1998 816 2058 Quantum
851 2013 874 2040 e
918 1994 1160 2055 scriptura
1198 1991 1471 2060 ceterisque
1514 2015 1585 2042 ar⁴

182 2063 427 2127 guinentis
467 2061 666 2123 adsequi
691 2062 876 2122 possis,
903 2061 1127 2108 videatur
1163 2061 1239 2106 hic
1270 2063 1420 2108 codex
1455 2066 1588 2125 paul⁴

186 2134 228 2175 lo
267 2129 516 2191 recentior
545 2128 721 2190 priori.

321 2197 497 2242 Codex
517 2195 913 2248 Mentelianzzs‚
946 2210 971 2237 e
1016 2194 1190 2240 Seculo
1229 2196 1317 2251 XI,
1355 2197 1438 2259 qui
1466 2198 1585 2242 olim

185 2264 236 2307 in
264 2261 562 2306 bibliotheca
588 2263 662 2306 Jo.
701 2260 802 2305 Jac.
840 2261 1065 2305 Mentelii
1093 2261 1214 2317 fuit,
1258 2262 1394 2324 cujus
1424 2263 1588 2308 lectio-

190 2345 276 2373 nes
305 2327 636 2389 Marquardus
676 2326 864 2371 Gudius
899 2330 1122 2389 exemplo
1160 2328 1386 2374 editionis
1424 2331 1615 2379 Mure-⁷,

192 2397 262 2450 ti,
306 2395 479 2438 Venet.
535 2394 672 2440 1582.
707 2395 754 2438 8.
812 2392 1087 2447 adim-emt,
1144 2395 1274 2440 unde
1312 2396 1588 2456 adscriptae

194 2467 306 2505 sunt
342 2460 565 2520 exemplo
595 2459 822 2504 editionis
858 2460 1248 2520 Desprezianae‚
1283 2462 1414 2523 quod
1445 2462 1493 2504 in
1538 2462 1589 2505 il-

195 2526 341 2571 lustri
376 2525 675 2570 bibliotheca
715 2525 994 2570 academiae
1019 2524 1308 2588 ⁴Lipsiensis
1349 2534 1588 2571 servatur.

191 2592 455 2653 Adscripta
493 2598 564 2637 est
604 2592 762 2636 eidem
803 2591 916 2635 huic
960 2594 1227 2655 exemplari
1255 2594 1588 2655 Despreziano

193 2658 283 2708 [sic
328 2666 516 2713 tamen,
554 2665 607 2701 ut
640 2655 905 2720 diligenter
939 2657 1270 2723 distinguatur
1312 2678 1336 2703 a
1376 2659 1592 2703 lectioni-

192 2725 285 2768 bus
314 2724 502 2769 Codicis
544 2724 695 2774 illius)
739 2724 947 2768 varietas
984 2728 1211 2773 editionis
1248 2726 1430 2771 nitidae
1467 2725 1595 2769 Pari.-

199 2790 401 2845 sionsis,
441 2807 497 2845 ex
534 2790 726 2835 officina
767 2791 1047 2839 Vascosani.
1113 2795 1184 2838 Ex
1224 2793 1297 2836 his
1337 2792 1593 2836 emendan-

1223 2861 1320 2905 Ca
