1779 3085
656 239 1030 294 ..629-

138 361 233 404 que,
270 352 338 386 etsi
370 350 479 398 plane
517 349 664 389 diverso
701 353 813 397 (narn
849 356 905 386 ἰοῖς
941 350 1213 399 πυθφόςοις
1251 351 1380 388 vulnus
1419 350 1561 398 infligi«

135 412 372 460 cogitandum
396 426 475 450 esse
490 441 500 457 ,
531 414 624 450 baec
647 413 797 464 quidem
821 414 931 450 docta
953 414 1018 450 sed
1041 411 1168 463 paullo
1195 412 1367 449 subtilior
1391 413 1537 450 videtur

134 476 253 518 ratio)
291 474 398 511 modo
438 476 572 509 amoris
607 471 739 510 effecta
779 477 897 524 poetis
937 474 1200 521 designantur,
1256 483 1342 510 uota
1377 476 1534 511 ratione.

133 534 275 571 Mirum
309 549 395 572 vero
423 537 571 586 utique,
609 550 652 571 ne
689 550 795 571 unum
821 536 999 588 quidem,
1040 543 1214 587 quantum
1247 538 1387 577 sciam,
1423 538 1538 571 inter-

138 606 310 648 pretum,
348 595 501 648 quibus,
538 609 632 647 quae
656 596 807 633 Homius
839 599 925 633 satis
949 610 1016 648 pro
1046 597 1206 646 imperio
1238 598 1536 646 pronuntiasset,

138 662 226 695 satis
260 656 469 709 probabilia
503 655 737 702 viderentur,
778 658 1001 702 commoda,
1033 671 1199 710 quaeque
1237 659 1356 708 primo
1384 670 1422 694 se
1450 657 1536 694 loco

133 718 264 761 offert,
306 719 612 768 interpretatione
651 719 716 755 illa
756 719 943 761 elevasse;
982 721 1178 764 nimirum,
1211 726 1252 755 ut
1291 720 1443 765 sagittae
1482 719 1538 754 di-

133 791 261 818 cantur
286 782 488 821 ardenter,
513 794 606 833 quae
623 807 633 823 ,
661 783 697 817 in
719 787 801 818 cote
825 780 1001 818 subactae
1023 782 1262 833 attritaeque,
1286 781 1543 825 inardescunt,

135 842 303 884 fervent3
343 843 484 879 Amore
502 844 582 894 ipso
603 846 729 894 operis
752 844 873 880 studio
898 845 1089 887 fervente,
1119 857 1209 894 opus
1234 852 1399 892 urgente,
1453 841 1537 880 Pos-

139 905 188 940 sis
215 907 325 940 etiam
340 930 352 947 ‚
378 904 548 941 doctiore
573 905 692 941 dicam
707 932 716 948 ,
743 918 788 940 an
812 907 998 953 argutiore
1021 904 1156 949 modo,
1182 916 1258 952 sag·
1282 904 1458 940 ardentes
1479 916 1538 943 ex-

134 967 276 1018 plicare
293 991 304 1008 ‚
337 964 462 1009 αἵματι
494 964 657 1010 ζεοῦσας;
693 973 729 1000 ut
751 966 900 1014 proprie
920 967 1066 1012 sanguis
1086 967 1246 1013 agitatus
1268 967 1399 1017 coqui,
1428 965 1538 1002 arde·

136 1039 201 1068 τες
238 1034 313 1061 tum
334 1034 369 1062 et
393 1027 494 1075 ipsae
513 1028 670 1073 sagittae
699 1039 742 1062 eo
757 1025 953 1074 adspersae
980 1026 1111 1063 ardere
1139 1026 1376 1070 dicerentur,
1404 1026 1536 1063 eadem

134 1088 244 1139 plane
275 1088 446 1133 ratione,
473 1100 544 1139 qua
569 1086 729 1124 δάπεδον
755 1087 878 1132 αἵματι
905 1081 1004 1122 Simu
1016 1087 1178 1124 Homero
1202 1088 1275 1124 Od.
1300 1088 1426 1125 XXII.
1452 1099 1535 1133 309.

135 1148 266 1195 Quid?
298 1151 328 1184 si
355 1162 419 1185 cos
455 1155 611 1184 cruenta
647 1157 776 1186 ornatu
801 1150 948 1199 poetico
980 1149 1202 1200 simpliciter
1226 1152 1300 1194 sit,
1341 1165 1434 1203 quae
1453 1162 1537 1189 san-

132 1215 268 1260 guine,
308 1225 327 1248 e
351 1212 492 1259 sagittis
524 1211 795 1256 αἱματοφυρτοῖς
825 1211 988 1248 stillante
1004 1238 1015 1255 ,
1052 1212 1226 1261 adspersa
1246 1213 1332 1250 est?
1358 1214 1431 1251 Sed
1453 1212 1533 1250 ἕπε’-

132 1284 212 1317 χω,
252 1286 296 1308 ne
337 1272 622 1308 adnumerandis
656 1275 794 1318 argutis
829 1272 886 1307 his
922 1272 1126 1309 rationibus
1161 1286 1220 1311 me
1255 1277 1344 1311 mihi
1380 1277 1532 1326 placere

131 1334 348 1386 quibusdam
374 1334 514 1369 videar·
565 1333 643 1368 Jam
668 1334 713 1368 de
740 1346 850 1368 sensu
872 1336 982 1368 totius
1005 1333 1105 1377 loci,
1142 1334 1188 1371 de
1213 1350 1283 1382 quo
1306 1343 1425 1387 primo
1447 1339 1532 1376 loco

131 1395 384 1448 quaerendum
404 1402 480 1431 erat
496 1421 505 1436 ,
540 1403 577 1429 ut
607 1407 725 1443 pauca
751 1407 988 1437 moneamus,
1010 1397 1127 1431 minus
1150 1406 1251 1434 recte
1275 1412 1386 1447 agere
1413 1403 1531 1451 intpp.

135 1457 326 1500 videntur,
377 1459 439 1506 qui
474 1457 528 1491 sie
566 1457 734 1491 universe
773 1454 970 1507 Cupidinis
1005 1470 1127 1494 mores
1162 1459 1312 1510 depingi
1346 1469 1531 1505 stamnum

129 1533 223 1572 quae
245 1521 335 1554 satis
360 1517 530 1565 languide
549 1516 719 1567 adposita
742 1518 863 1567 imago
889 1518 996 1561 foret,
1019 1519 1103 1561 sed,
1129 1523 1267 1558 ratione
1291 1524 1444 1560 Barines
1474 1527 1535 1560 ha-

132 1581 235 1624 hita,
273 1588 328 1617 est
352 1583 468 1614 Amor
490 1591 602 1615 novos
621 1591 735 1630 usque
762 1588 944 1616 amatores
977 1582 1036 1616 isti
1061 1582 1208 1632 puellae
1234 1585 1326 1619 inter
1350 1587 1427 1634 ipsa
1455 1589 1533 1632 ejus

131 1644 296 1694 perjuria
335 1640 558 1678 concilians:
595 1651 705 1690 quam
728 1643 949 1676 sententiam
975 1641 1148 1677 disertius
1174 1648 1379 1692 expositam
1407 1649 1533 1682 statim

130 1704 319 1752 subjungit
334 1710 456 1754 poeta.
508 1699 683 1737 Ceterum
706 1700 805 1738 idem
830 1703 1048 1752 phantasma
1066 1714 1119 1740 est
1143 1705 1239 1754 apud
1260 1706 1535 1750 Philodemum,

130 1766 420 1803 mellitissimum
450 1771 598 1813 poetam
617 1789 626 1806 ,
655 1775 688 1799 c.
718 1763 799 1797 XV.
834 1764 973 1807 (Anai.
1000 1765 1064 1799 Br.
1099 1765 1146 1798 Π.
1170 1779 1205 1812 p.
1232 1768 1318 1807 86.)
1357 1764 1459 1800 Οὔπω
1480 1769 1533 1801 σοὶ

130 1823 286 1864 καλῦκων
322 1824 455 1868 ’γυμνὸν
490 1822 585 1866 δέρος
612 1852 621 1865 ,
669 1821 747 1856 οὐδέ
784 1826 949 1864 μελαίνει
988 1821 1113 1868 βότρυς
1149 1820 1164 1855 ὁ
1201 1826 1400 1870 παρθενίους
1437 1840 1533 1875 πρω-

131 1884 281 1930 τοβολῖον
313 1884 477 1929 χάριτας·
508 1882 580 1916 ἀλλ
614 1880 680 1921 ἤδη
712 1881 797 1914 θοοὶ
836 1880 956 1924 τόξα
994 1879 1094 1917 νέοι
1134 1881 1377 1927 θήγουσιν
1414 1882 1532 1931 Ἐρα-

132 1961 153 1981 ,5-
168 1960 181 1979 ε
196 1959 207 1980 ς
223 1972 232 1986 ,
269 1945 437 1984 Λυσιδίκη
455 1969 466 1986 ,
506 1944 528 1993 3¹5
550 1941 609 1989 πῦρ
636 1940 782 1987 τύφεται
806 1942 1009 1992 ε’γκρύφιον,

228 2017 263 2048 v,
303 2015 360 2049 17,
396 2003 508 2038 Adde
547 2002 666 2049 quod,
717 2002 839 2053 quid?
874 2004 972 2055 quod
1009 2007 1124 2048 omnis
1148 2004 1292 2052 pubes,
1331 2013 1529 2057 juventus,

132 2066 316 2121 quidquid
339 2073 392 2102 est
416 2069 614 2114 juvenum,
641 2066 802 2106 crescit,
830 2068 1054 2110 succrescit,
1088 2067 1267 2108 adolescit
1291 2069 1385 2112 tibi,
1413 2073 1447 2108 in
1476 2074 1529 2115 tui

132 2133 312 2179 gratiam,
357 2137 395 2163 ut
432 2136 492 2164 tuo
525 2141 563 2164 se
599 2126 816 2163 submittant
849 2129 1029 2177 irnperio,
1066 2143 1192 2165 omnes
1230 2139 1290 2167 tua
1322 2132 1440 2169 forma
1472 2147 1531 2171 ca-

131 2195 304 2244 piuntur3
336 2191 424 2225 hine
460 2197 587 2225 ornate
612 2198 650 2225 et
682 2191 956 2240 perspicuitatis
993 2204 1102 2227 causa
1126 2189 1331 2239 adiicitur,
1366 2197 1530 2231 servitus

132 2252 271 2287 crescit
304 2263 426 2293 nova,
466 2263 642 2286 novorum
678 2258 902 2294 amatorum,
941 2254 1002 2304 qui
1030 2252 1099 2287 tibi
1125 2256 1311 2295 serviant.
1352 2255 1421 2292 tibi
1446 2271 1531 2295 cre-

135 2317 204 2350 scit
231 2315 335 2365 copia
351 2339 361 2356 ,
389 2325 481 2348 nova
505 2314 745 2348 servientium
771 2314 902 2354 cohors
927 2322 1088 2365 paratur.
1139 2315 1301 2362 Servireg
1326 2319 1528 2363 servitiam

135 2377 181 2418 (le
218 2384 389 2420 amante3
424 2376 476 2410 uti
506 2383 632 2410 contra
654 2385 816 2421 regnum
852 2385 995 2413 amatae
1018 2378 1213 2424 tribuitur,
1241 2392 1302 2415 res
1325 2382 1528 2418 notissima.

136 2439 200 2475 Ad
232 2436 341 2474 verba
369 2449 412 2471 an
432 2449 576 2472 sensum
600 2437 725 2472 Nostri
751 2438 861 2486 piane
883 2438 1027 2475 Tibull.
1054 2439 1118 2476 IV.
1144 2452 1180 2487 5.
1217 2453 1251 2486 3·
1281 2441 1329 2478 Te
1349 2449 1528 2478 nascente

135 2512 275 2536 novum
296 2501 440 2533 Parcae
462 2500 627 2534 cecinere
649 2500 791 2546 puellis
831 2501 1035 2543 servitium
1059 2506 1097 2536 et
1119 2501 1306 2543 dederunt
1326 2515 1445 2549 regna
1467 2517 1530 2538 su-

131 2561 251 2610 perba
272 2561 356 2596 tibi.
378 2581 422 2587 —
451 2575 520 2596 nec
540 2560 690 2608 priores
707 2589 716 2603 ‚
755 2571 898 2599 veteres
921 2551 1103 2599 amatores
1128 2572 1165 2600 te
1186 2565 1405 2616 relinquunt.
1455 2564 1528 2601 Pro

135 2624 206 2659 hoc
234 2631 369 2674 quanto
397 2625 557 2658 ornatius
578 2636 621 2659 ac
643 2623 689 2659 ad
711 2622 974 2660 declarandam
1001 2626 1158 2661 Barines
1187 2624 1420 2675 superbiam,
1446 2625 1528 2675 pul,

136 2683 430 2737 chritudiuisque
464 2687 542 2733 eius
577 2685 672 2728 vim,
711 2697 803 2740 qnae
836 2684 894 2721 vel
927 2686 981 2722 sic
1007 2695 1190 2728 amatores
1225 2686 1301 2724 sibi
1325 2685 1526 2741 obstrictos5
