1790 3117
960 310 982 325 ν

350 352 587 402 Hactenus
622 353 683 399 de
721 352 1004 408 codicibus,
1049 368 1263 416 quorum
1313 356 1600 402 auctoritate

217 418 407 462 Horatii
428 418 572 463 lectio
609 419 820 463 stabilita
847 426 935 462 est.
1004 420 1129 474 Jam,
1157 438 1250 482 quo
1289 421 1462 467 melius
1493 439 1599 482 per-

219 482 482 542 spiciatur,
519 500 665 546 quam
695 485 926 547 exiguum
963 485 1162 529 omnino
1197 486 1320 532 illud
1352 487 1428 541 sit,
1453 487 1601 531 sinu-

216 549 345 593 meri
381 549 504 595 ratio
530 550 793 604 habeatur,
831 549 962 611 quod
995 549 1045 595 in
1074 555 1272 611 poetam
1316 559 1540 596 nostrum
1576 567 1602 596 e

215 613 371 658 codd.
404 615 695 661 redundarit
734 615 1004 677 adjumenti
1052 622 1196 678 atque
1239 617 1518 671 commodi,
1556 622 1604 660 et

212 679 300 740 qui
338 679 525 726 fructus
571 681 780 742 amplius
816 681 930 726 inde
957 681 1183 742 sperandi
1212 683 1332 738 sint3
1356 682 1602 726 librorum

211 743 390 800 MSS„
437 746 704 792 maximam
751 755 946 807 partem
976 747 1210 791 *nondum
1260 762 1603 801 excussorum,
1655 782 1659 786 <

213 811 439 871 copiam,
472 828 562 873 per
594 813 853 858 cultioiem
889 813 1115 874 Europae
1151 820 1344 873 partem
1361 829 1606 873 sparsam,

212 876 303 919 sub
349 894 504 922 unum
548 885 865 940 conspectum
904 879 981 924 hic
1015 879 1261 923 adducere
1299 885 1345 922 et
1370 885 1603 939 tanquam

208 939 264 985 in
289 942 452 987 tabula
480 951 851 1004 repraesentare
875 946 1034 990 visum
1065 952 1160 988 est·
1208 960 1508 1006 quamquam
1545 958 1603 986 ex

210 1007 396 1053 notitiis
416 1042 428 1063 ,
462 1026 578 1069 quas
606 1009 938 1072 bibliographi
967 1010 1066 1054 de
1053 1010 1112 1054 lis
1154 1010 1497 1070 suppeditant,
1522 1024 1602 1068 pa-

209 1086 326 1116 rum
356 1074 600 1118 adcuratis
627 1093 680 1119 ac
707 1076 965 1121 subtilibus
983 1109 997 1130 ,
1020 1092 1166 1137 quem
1182 1092 1327 1119 usum
1368 1073 1599 1118 criticum

208 1139 499 1194 praestituri
527 1139 648 1193 sint,
694 1142 894 1184 omnino
919 1157 1009 1200 pai
1014 1157 1098 1184 um
1134 1147 1239 1184 tuto
1277 1138 1423 1183 statui
1457 1154 1599 1199 posse

206 1200 314 1260 ipse
341 1203 565 1246 sentiam.
603 1204 975 1265 Alphaheticum
1001 1212 1167 1248 autem
1193 1205 1244 1247 in
1271 1203 1445 1255 ternis,
1476 1218 1599 1263 quae

207 1264 325 1310 istos
368 1267 620 1312 thesauros
660 1270 938 1314 reconditos
982 1277 1202 1323 servant,
1249 1235 1591 1329 percen⁹sendis

208 1332 489 1379 tenebimus
527 1333 772 1379 ordinem,
844 1334 1066 1378 Primum
1099 1334 1253 1394 igitur

341 1398 395 1441 In
430 1400 639 1459 Aug-lca
663 1407 709 1445 et
741 1401 940 1465 quidem
966 1401 1205 1444 Londini
1230 1374 1403 1442 adseri
1390 1404 1518 1441 atur
1542 1396 1592 1442 in

209 1461 434 1507 biblioth.
469 1464 649 1527 Regia:

274 1555 494 1600 Horatii
517 1558 622 1600 Ars
647 1558 877 1614 poetica,
905 1558 1184 1605 Sermones
1224 1564 1275 1603 et
1296 1558 1595 1616 Epistola&

295 1660 297 1662 ,
337 1619 447 1663 Vid.
479 1622 602 1665 Dav.
630 1623 832 1682 Casley*
858 1623 1007 1668 Catal.
1053 1624 1106 1669 of
1139 1625 1217 1668 the
1253 1623 1395 1668 MSS.
1422 1620 1474 1666 of
1515 1621 1595 1665 the

339 1684 488 1749 Hings
514 1686 706 1748 library
739 1706 788 1749 p.
819 1697 926 1741 230.
994 1688 1078 1733 Est
1104 1688 1262 1733 Bentl.
1296 1708 1344 1733 n.
1380 1696 1453 1739 14.

410 1779 463 1823 In
489 1780 672 1824 Eccles.
705 1783 1281 1827 Westmonasteriensi.

210 1876 257 1904 n.
299 1861 436 1904 1116.
471 1862 693 1905 Horatii
722 1862 902 1921 Opera.

246 1956 256 1968 .
298 1941 435 1983 1117.
470 1928 533 1970 H.
559 1927 842 1983 Epistolue
875 1926 1113 1987 quaedam
1146 1932 1193 1969 et
1223 1926 1328 1969 Ars
1362 1927 1594 1980 poetica.

246 2022 256 2033 .
298 1993 435 2037 1113.
471 1992 535 2035 H.
575 1992 753 2047 odae,
796 2008 910 2037 cum
938 1999 1033 2036 vet.
1076 1989 1476 2041 commentator-is
1516 2006 1597 2034 no-

460 2055 536 2100 tis.
588 2056 660 2100 lh.
690 2073 844 2117 p.·27.

407 2136 461 2179 In
498 2134 618 2179 bibl.
650 2137 836 2195 Isuaci
869 2138 1046 2182 Vossii

210 2232 257 2261 n.
299 2222 434 2274 2492.
469 2216 759 2271 Horatius,
798 2211 910 2260 cum
947 2217 1248 2279 expositione
1275 2215 1597 2273 interlineari,

461 2287 507 2325 et
539 2280 739 2326 scholiis
773 2281 1000 2343 antiquis.

211 2363 258 2403 ng
298 2348 437 2405 2622.
474 2349 760 2403 Horatius,
797 2364 908 2394 cum
937 2363 1101 2411 expos.
1128 2347 1346 2394 interlin.
1386 2355 1432 2393 et
1471 2347 1596 2397 notis

460 2414 832 2475 marginalibus.

461 2478 653 2523 Ibidem
690 2480 899 2542 exempl.
923 2477 1111 2527 Horatii
1138 2478 1497 2522 plantinianum
1524 2493 1598 2522 ex-

458 2551 569 2599 stat,
610 2548 912 2594 casauboni
933 2562 1084 2590 manu
1114 2551 1336 2588 notatum
1354 2575 1366 2598 ,
1391 2561 1438 2587 n.
1459 2559 1597 2602 2790·

207 1940 239 2036 ΞΒ

408 2626 463 2670 In
488 2626 664 2671 Museo
688 2627 1014 2677 Britannico
1045 2623 1197 2668 Codd.
1223 2623 1521 2684 Harlejani

211 2720 259 2750 n.
300 2704 438 2753 2581.
481 2706 614 2767 Q-H,
646 2707 729 2750 Fl.
761 2707 821 2750 de
850 2708 982 2751 Arte
1010 2706 1245 2762 poetica,
1270 2705 1596 2749 Saturarum

463 2772 620 2817 Libri
646 2772 719 2816 II.
750 2770 1126 2831 Epistularum
1153 2769 1284 2814 libri
1307 2769 1381 2813 II.
