1779 3085
639 242 693 248 ,-
786 229 867 270 303
962 242 1018 250 -.

133 355 228 394 ges,
258 341 443 387 sedulo
476 340 751 382 hortatur.
786 335 925 378 Hinc
954 338 1214 380 naturali
1246 344 1547 387 sententia-

129 430 246 457 rum
292 409 482 453 ordine
522 403 594 446 ad
643 416 921 446 commune
965 401 1026 444 cle
1066 406 1214 446 vitae
1254 408 1548 465 voluptati-

130 481 228 524 hus
248 472 522 521 sectandis
536 474 889 528 praeceptum
909 467 1213 524 deducitur,
1231 475 1547 519 rationibus

131 547 199 590 ab
234 543 403 601 ipsius
432 538 578 582 vitae
600 536 894 590 brevitate,
926 536 1280 596 omnibusque
1304 543 1545 596 proposi.

131 620 188 656 ta
218 605 494 662 moriendi
525 602 838 646 conditione
880 607 932 645 et
976 604 1116 662 quod
1156 611 1277 661 post
1318 614 1547 650 mortem

128 677 292 727 nihil,
321 671 458 732 quod
490 676 716 731 gratam
750 684 814 713 ac
839 666 1153 726 jucundum
1184 672 1276 718 sit,
1307 674 1548 729 amplius

123 754 349 800 sperare
375 738 561 790 liceat,
601 735 875 779 desumtis.
944 737 1013 780 In
1058 746 1386 796 argumento
1429 746 1541 783 tam

124 806 366 865 simplici
393 821 426 847 a
457 802 794 847 tractatione
836 807 1000 861 atque
1039 804 1388 862 eloquutione
1426 821 1544 863 poe-

125 881 214 919 tae
265 871 518 930 inprimis
562 870 688 913 laus
732 868 1046 927 quaerenda
1105 877 1255 924 erat,
1320 885 1543 931 eamque

124 955 408 990 summam,
435 936 691 980 unanimi
724 936 910 993 lntpp.
941 951 1208 980 consensu
1241 952 1397 982 suam
1445 941 1542 982 hoc

122 1007 369 1052 carmine
400 1000 551 1062 fecit
597 1003 881 1046 Horatius.
951 1003 1097 1046 Adeo
1140 1004 1322 1060 polita
1376 1010 1541 1064 atque

125 1074 418 1117 elaborata
448 1073 580 1111 sunt
612 1069 816 1121 omnia,
843 1070 957 1112 sive
1001 1069 1421 1126 descriptionem
1464 1087 1545 1113 ve-

126 1140 206 1182 ris
235 1135 474 1197 regioni,
503 1149 607 1192 qua
641 1135 874 1187 vivebat,
903 1133 1540 1179 adcommodatum.-sive

126 1218 356 1264 grai-em
390 1215 454 1244 ac
485 1214 608 1242 cere
638 1199 886 1257 lyricam
913 1202 1314 1245 sententiarum
1331 1211 1543 1260 spectes

124 1270 545 1329 eloqnutionem.
615 1267 857 1310 Metram
898 1281 1102 1325 quoque
1147 1271 1412 1312 carminis
1452 1285 1539 1314 ar-

122 1340 381 1394 gumento
427 1333 649 1391 egregie
705 1333 977 1375 convenit.
1052 1334 1165 1391 (tao
1212 1335 1428 1378 nomine
1465 1337 1542 1378 in-

120 1401 316 1459 primis
338 1398 539 1442 mirari
566 1396 710 1440 soleo
745 1413 790 1441 v.
824 1413 844 1456 7
881 1404 929 1440 et
971 1398 1017 1441 8.
1061 1423 1121 1430 ——
1165 1399 1406 1444 Graecas
1451 1417 1540 1444 no-

123 1469 301 1510 tiones
334 1465 390 1507 in
424 1479 481 1508 eo
521 1458 710 1521 'plures
751 1464 1158 1522 deprehendas-,-
1201 1467 1340 1509 unde
1380 1483 1539 1525 grae-

121 1549 240 1577 cum
284 1532 513 1575 Horatio
565 1537 694 1574 ante
742 1531 929 1575 oculos
970 1527 1166 1590 fuisse
1226 1535 1538 1591 exemplum

118 1614 229 1643 non
260 1600 440 1655 inepte
468 1595 759 1657 conjicias.
797 1600 1024 1658 Ducunt
1056 1613 1132 1650 eo,
1166 1606 1393 1656 praeter
1428 1603 1540 1644 exi..

121 1674 234 1711 tum
269 1665 551 1718 carminis,
582 1665 839 1722 inprimis
868 1680 915 1708 v.
945 1680 966 1723 7
1000 1669 1050 1706 et
1080 1664 1124 1708 8.
1164 1667 1256 1724 qui
1282 1663 1452 1725 sorte
1501 1683 1537 1711 α

118 1731 302 1776 Siculo
347 1731 534 1791 aliquo
585 1738 777 1789 poeta,
821 1731 915 1790 qni
960 1732 1171 1775 Aetnae
1219 1734 1533 1776 aestuantis

119 1799 418 1858 imaginem
463 1799 518 1840 in
560 1798 707 1842 veris
739 1797 1108 1853 descriptione
1149 1805 1533 1852 memorasset,

115 1865 356 1907 mutuati
396 1863 671 1907 videntur.
741 1865 855 1906 Fac
891 1878 1018 1906 vero
1065 1863 1260 1906 haberi
1296 1865 1431 1908 haec
1473 1865 1533 1908 in

120 1929 627 1987 exploratissimis5
672 1933 828 1972 tanto
876 1926 1087 1987 majori
1138 1929 1297 1974 laudi
1338 1931 1530 1974 dacen-

119 1995 242 2038 dum
272 1995 503 2038 Horatio
537 1999 665 2050 puto
711 1995 886 2051 ipsum
933 1995 1062 2048 hoc,
1113 1996 1254 2054 quod
1291 2012 1531 2056 graecas

117 2062 297 2105 ideas.
342 2062 585 2104 romanis
623 2062 893 2113 intextis,
934 2067 1047 2104 tam
1090 2063 1228 2105 miro
1275 2056 1528 2123 artificio

115 2142 246 2171 suas
278 2122 510 2184 fecerit.
584 2128 754 2184 Quam
786 2142 929 2171 vana
961 2141 1118 2180 vero,
1155 2133 1317 2187 atque
1349 2146 1380 2173 a
1409 2146 1531 2188 μορ.

118 2200 176 2237 ta
237 2193 426 2249 lyrico
473 2193 662 2236 aliena
711 2193 996 2237 Sanacloni
1054 2199 1107 2236 et
1156 2196 1394 2239 Dacerii
1451 2199 1528 2241 sit

118 2259 322 2316 opinio,
351 2259 638 2303 Horatium
669 2256 955 2318 acl-fastos
983 2276 1257 2312 romanos,
1294 2264 1387 2321 qui
1427 2264 1543 2310 im‘-.

117 2327 249 2368 tium
289 2326 431 2367 veris
459 2326 505 2369 d.
540 2326 599 2369 V.
629 2326 710 2370 Id.
740 2327 897 2370 Febr.
922 2328 1191 2384 postridie
1220 2329 1524 2382 Faunolia,

117 2398 168 2434 et
202 2406 332 2434 mox
363 2398 439 2438 (a.
465 2391 512 2435 d.
542 2391 671 2436 XII.
705 2394 820 2437 Cal.
858 2393 1057 2443 Mart.)
1102 2395 1332 2440 Feralia
1367 2396 1528 2438 habe-

117 2465 258 2504 rent,
287 2457 523 2502 studium
555 2474 705 2503 suum
737 2461 794 2503 in
821 2461 1113 2520 pangendo
1142 2462 1241 2506 hoc
1275 2464 1520 2506 carmine

115 2523 386 2567 direxisse
425 2525 859 2571 existimantium
878 2559 891 2578 ,
919 2524 1111 2588 facile
1128 2528 1137 2539 ‘
1156 2529 1520 2586 intelligitur.

118 2590 361 2634 Ceterum
417 2591 556 2636 idem
604 2600 989 2655 argumentum
1041 2596 1312 2639 tractavit
1345 2595 1515 2639 Hora-

117 2655 228 2700 tius
260 2655 322 2700 L,
350 2656 446 2710 JV,
478 2673 521 2714 7.
552 2658 690 2704 adde
716 2660 762 2713 I,
797 2676 818 2717 7
857 2667 907 2705 et
937 2676 980 2717 9.
1006 2662 1084 2717 II,
1122 2677 1196 2706 ιι.
1230 2667 1278 2705 et
1314 2665 1387 2710 14³
