1779 3085
758 277 813 285 ¹·-
903 264 985 306 278
1077 278 1134 299 *ff

241 375 372 414 gatur,
411 367 574 404 exundat
611 370 772 405 sinistra
791 396 801 412 ,
833 383 925 421 quae
949 370 1107 405 Romam
1133 368 1364 413 attingebat,
1401 368 1502 414 ripa.
1542 367 1644 411 Labi

241 428 332 464 alias
352 429 399 465 de
422 429 572 479 placido
594 445 767 483 aquarum
794 445 912 473 cursu,
939 445 1036 467 nunc
1062 431 1108 466 de
1146 431 1435 473 vehementiori,
1471 439 1509 467 et
1553 435 1644 467 cita-

243 493 344 527 tiori.
395 491 543 528 Tibull.
570 493 598 526 1.
624 500 658 531 8.
693 494 752 537 48.
778 492 823 527 ‹le
849 500 970 528 aetate
983 488 997 527 :-
1027 503 1105 526 non
1127 491 1238 526 tardo
1265 490 1409 525 labitur
1430 491 1503 524 illa
1528 491 1640 537 pede.

244 553 310 588 ubi
358 553 442 590 vide
484 554 603 602 Heyn.
654 554 740 589 Vim
791 568 936 605 quoque
983 553 1099 589 verbo
1145 551 1248 587 addit
1294 553 1369 590 adi.
1411 564 1546 600 vagus.
1598 573 1645 593 -,

250 614 387 657 Ultra,
414 616 618 662 quamfas
645 623 741 658 erat,
765 628 875 667 quam
901 615 986 651 fatis
1010 629 1225 652 concessum
1252 624 1345 658 erat,
1370 629 1438 665 pro
1470 617 1539 653 hoc
1567 629 1646 663 gra-

241 678 337 713 viter
364 677 476 720 dixit,
500 680 578 727 ipso
602 677 688 711 Jove
718 685 857 713 tantam
881 677 1060 714 ultionem
1079 675 1337 722 improbante.
1389 678 1511 723 Quum
1542 678 1644 728 Jupi-

244 745 300 773 ter
321 737 479 774 fatorum
502 741 671 775 ordinem
694 753 855 784 servare,
884 741 1067 777 custodire
1108 741 1267 783 dicatur,
1304 739 1379 775 fata
1414 753 1517 781 vero,
1553 753 1646 791 quae

245 799 403 834 Romam
426 809 614 836 aeternam
639 812 719 836 esse
758 801 1025 846 decrevissent,
1059 803 1211 839 Tiberis
1251 801 1512 843 inundatione,
1555 815 1647 852 quae

246 863 316 911 ipsi
340 862 570 912 reipublicae
598 863 749 896 exitium
778 866 1003 906 minaretur,
1029 867 1194 913 perverti
1231 873 1341 916 atque
1383 864 1568 898 immutari
1599 864 1648 897 vi*

246 924 446 965 derentur3
473 925 665 971 praeclare
689 930 800 973 poeta
825 924 953 959 Jovem
987 921 1256 972 indignantem,
1281 924 1505 975 Tiberisque
1522 936 1648 958 ausum

249 985 377 1036 paullo
409 987 604 1020 immanius
633 983 902 1033 improbantem
941 986 1096 1020 inducit.
1149 987 1304 1022 Tetreri
1338 987 1435 1022 enim
1470 986 1649 1025 Romam,

244 1063 318 1083 non
340 1048 446 1097 perdi
475 1047 650 1088 volebat,
678 1048 729 1080 uti
766 1050 839 1094 jam
873 1046 968 1082 bene
996 1046 1125 1083 Schol.
1153 1065 1198 1074 -
1220 1047 1412 1088 uxorius,
1462 1049 1524 1098 qui
1556 1045 1651 1082 Iliae

245 1108 422 1158 precibus
455 1109 568 1142 nimia
590 1107 839 1143 exundatione
868 1107 1095 1154 indulgebat.
1122 1108 1228 1154 Virg.
1254 1107 1352 1143 Aen.
1380 1107 1444 1141 IV.
1465 1107 1650 1153 26b.pul-

245 1169 456 1216 chramque
480 1172 647 1214 uxorius
667 1170 799 1204 urbem
827 1166 1154 1221 exstruis3Simul
1193 1169 1359 1217 declarat
1390 1176 1502 1221 poeta
1533 1167 1649 1203 Tibe-

245 1233 330 1275 rim,
358 1239 530 1283 tanquam
559 1232 650 1268 Iliae
675 1233 861 1268 maritum.
912 1230 1115 1282 Antiquam
1144 1232 1253 1279 igitur
1275 1231 1458 1282 myffium,
1485 1238 1523 1265 ut
1553 1220 1648 1265 icon-

246 1292 332 1328 silio
353 1306 417 1328 suo
437 1293 759 1338 adcommodat-et,
787 1294 976 1328 innovavit
1002 1294 1195 1335 hactenus,
1225 1301 1264 1328 ut
1293 1292 1405 1328 Iliam
1440 1307 1468 1328 s.
1503 1292 1651 1331 Rheam

246 1353 381 1389 Tiberi
404 1354 582 1398 elocaret,
598 1371 708 1408 quum
731 1355 796 1391 alii
812 1355 968 1390 Anienis
991 1369 1147 1391 uxorem
1167 1362 1341 1393 statuant.
1370 1355 1484 1392 ovid.
1521 1357 1654 1391 Amor.

246 1415 318 1451 ΙΙΙ.
340 1416 374 1450 6.
400 1416 457 1460 45.
498 1431 533 1451 v.
562 1416 667 1453 Serv.
701 1417 749 1452 ad
774 1417 911 1465 virgil.
950 1417 1045 1454 Aen.
1082 1418 1112 1452 Ι.
1136 1423 1217 1463 273.
1269 1418 1389 1462 Quam
1429 1426 1549 1453 tamen
1583 1428 1647 1452 va-

244 1480 416 1514 rietatem
444 1492 488 1513 co
522 1480 637 1526 magis
677 1480 737 1514 isti
769 1480 899 1529 mytho
926 1478 1063 1515 inferre
1087 1479 1218 1522 licuit,
1240 1479 1342 1531 quod
1380 1479 1475 1515 Anio
1511 1478 1651 1514 Tiberi

244 1539 387 1577 influat.
439 1540 533 1576 Cum
571 1549 699 1577 nostro
726 1541 815 1577 facit
849 1541 1048 1581 Claudian.
1083 1545 1119 1578 in
1155 1540 1268 1581 Proh.
1303 1540 1496 1591 et‘Olyb.
1539 1552 1651 1589 cons,

244 1615 278 1637 V.
307 1607 387 1641 225.

339 1674 371 1697 v.
407 1672 447 1698 21
487 1684 530 1690 —
557 1666 616 1708 24.
667 1665 937 1715 Interpretatur
969 1674 1165 1717 portenta,
1197 1674 1232 1702 et
1273 1678 1321 1702 ex
1361 1668 1407 1702 iis
1445 1673 1645 1712 auguratur

244 1738 339 1762 nova
362 1724 466 1760 heila
497 1726 647 1769 civilia,
675 1728 784 1777 plane
820 1739 858 1765 ut
885 1730 1017 1777 virgil.
1050 1729 1121 1764 Ge.
1145 1728 1174 1762 1.
1202 1731 1282 1773 489.
1305 1742 1386 1779 sqq.
1441 1728 1561 1772 Quum
1588 1727 1653 1761 ho.

249 1788 369 1822 mines
402 1800 512 1822 sensu
554 1788 676 1823 adhuc
715 1790 798 1825 rudi
833 1799 943 1842 atque
981 1791 1122 1826 inculto
1163 1791 1367 1837 graviorem
1398 1801 1655 1841 quamcunque

253 1848 504 1884 calamitatem
527 1861 549 1884 a
575 1849 726 1884 deorum
754 1853 806 1886 ira
846 1861 1015 1902 repetere
1049 1853 1221 1891 soleant;
1253 1859 1538 1887 consentaneum
1568 1863 1656 1886 sane

251 1919 357 1953 erat,
377 1919 415 1947 ut
436 1912 548 1948 etiam
573 1909 688 1955 bella,
716 1916 877 1950 maxime
908 1914 1033 1949 civilia
1060 1908 1104 1948 iis
1128 1912 1314 1958 gentibus,
1342 1924 1435 1963 quae
1458 1911 1517 1949 vel
1556 1914 1652 1962 ipso-

248 1986 328 2008 rum
356 1973 497 2011 cultum
526 1973 803 2021 neglexissent,
843 1976 900 2011 vel
937 1976 1012 2011 alio
1045 1969 1276 2027 quocumque
1312 1974 1474 2021 graviori
1506 1973 1652 2010 scelere

255 2036 458 2071 obstrictae
486 2044 621 2077 essent,
644 2035 691 2071 ab
714 2037 848 2086 iisdem
872 2039 1019 2072 immitti
1048 2035 1257 2072 crederent.
1307 2037 1429 2087 Atque
1452 2035 1560 2083 hujus
1595 2037 1652 2070 rei

253 2109 385 2132 causas
422 2105 557 2146 poetae
579 2096 658 2132 fere
687 2108 917 2141 memorant,
955 2101 1023 2135 etsi
1053 2098 1237 2133 interdum
1260 2096 1391 2147 paullo
1420 2096 1564 2144 longius
1590 2090 1657 2145 pe-

250 2160 350 2194 titas.
373 2157 436 2193 Sic
463 2158 507 2193 V.
534 2168 567 2202 7.
599 2167 654 2199 18.
672 2161 796 2194 scelus
812 2157 1020 2205 fraternae
1046 2159 1146 2192 necis
1174 2157 1210 2194 h.
1245 2157 1486 2208 parricidium
1511 2157 1649 2192 Romu-

250 2221 279 2254 li
308 2222 346 2254 in
369 2221 487 2256 causis
515 2221 801 2272 insequutibelli
823 2221 944 2257 civilis
962 2224 1080 2272 ponit.
1130 2219 1212 2255 Jam
1239 2233 1321 2255 cum
1345 2221 1434 2270 ipsis
1459 2219 1573 2255 bellis
1599 2222 1656 2255 ci·
1685 2267 1689 2271 ⁵

250 2281 403 2325 vilibus,
429 2295 522 2333 quae
545 2296 686 2332 poenae
717 2284 801 2320 loco
827 2297 848 2319 a
873 2285 956 2318 Diis
975 2283 1201 2330 infliguntur,
1224 2297 1319 2318 novo
1346 2295 1386 2318 se
1422 2282 1557 2333 aliquis
1588 2295 1652 2332 po·

252 2343 358 2394 pulus
383 2343 527 2379 scelere
552 2343 704 2391 obliget.
737 2347 789 2390 (v.
824 2345 871 2380 ad
888 2360 921 2379 v.
956 2346 1032 2389 29.)
1064 2358 1157 2396 quae
1194 2356 1328 2380 novam
1355 2345 1450 2382 adeo
1489 2344 1653 2379 Deorum

251 2409 346 2442 iram
365 2407 546 2449 excitent,
573 2420 760 2458 novasque
785 2420 920 2457 poenas
947 2415 1170 2455 exposcant;
1197 2415 1308 2456 poeta
1330 2405 1378 2442 ab
1399 2413 1551 2456 utroque
1565 2405 1652 2449 hoc,

252 2476 291 2504 et
316 2466 485 2503 Caesaris
511 2482 615 2511 nece,
642 2468 844 2521 bellisque,
872 2481 965 2520 quae
991 2482 1078 2504 mox
1100 2478 1330 2512 exarserant,
1366 2466 1563 2510 civilibus,
1590 2480 1655 2502 no-

253 2542 314 2566 vas
337 2529 424 2566 inde
451 2528 542 2565 belli
583 2533 750 2567 intestini
778 2531 1008 2568 calamitates
1035 2540 1208 2582 tanquam
1244 2531 1347 2567 fonte
1379 2529 1545 2573 derivat,
1574 2541 1652 2565 eas-

251 2605 322 2643 que
348 2599 389 2627 ut
415 2604 530 2628 verax
556 2605 668 2640 augur
693 2606 740 2629 ex
765 2595 845 2629 istis
868 2595 1048 2643 portentis
1068 2600 1299 2644 praemonet,
1331 2599 1440 2642 atque
1475 2593 1653 2627 vaticina-

252 2661 323 2689 tur.
375 2654 551 2690 Declarat
573 2668 635 2692 eas
660 2670 726 2707 per
749 2658 1005 2707 posteritatem
1024 2656 1226 2692 Romanam
1257 2651 1432 2690 civilibus
1468 2656 1650 2699 majorum

255 2727 402 2754 suorum
426 2716 545 2754 turbis
572 2719 738 2756 attritam
761 2726 870 2769 atque
892 2718 1059 2766 exiguam
1078 2715 1228 2760 factam,
1268 2727 1418 2766 remque
1458 2712 1553 2752 adeo
1587 2727 1655 2764 pue
